<TICKER>;<PER>;<DATE>;<TIME>;<LAST>;<VOL>
IMOEX;0;20260330;095002;2796.46;346.444433
IMOEX;0;20260330;095003;2796.49;150.846597
IMOEX;0;20260330;095004;2796.36;409.172281
IMOEX;0;20260330;095005;2796.43;119.502008
IMOEX;0;20260330;095006;2796.44;49.757906
IMOEX;0;20260330;095007;2796.47;5.935698
IMOEX;0;20260330;095008;2796.46;1.908127
IMOEX;0;20260330;095009;2796.5;9.030932
IMOEX;0;20260330;095010;2796.39;1485.211648
IMOEX;0;20260330;095011;2796.45;233.58973
IMOEX;0;20260330;095012;2796.34;578.263015
IMOEX;0;20260330;095013;2796.38;65.520423
IMOEX;0;20260330;095014;2796.28;304.347204
IMOEX;0;20260330;095015;2796.32;89.184357
IMOEX;0;20260330;095016;2796.39;48.807927
IMOEX;0;20260330;095017;2796.37;597.53037
IMOEX;0;20260330;095018;2796.37;1.619242
IMOEX;0;20260330;095019;2796.46;636.492566
IMOEX;0;20260330;095020;2796.43;842.055049
IMOEX;0;20260330;095021;2796.4;81.597411
IMOEX;0;20260330;095022;2796.46;300.413022
IMOEX;0;20260330;095023;2796.49;190.593208
IMOEX;0;20260330;095024;2796.5;70.902199
IMOEX;0;20260330;095025;2796.46;239.763487
IMOEX;0;20260330;095026;2796.45;168.738937
IMOEX;0;20260330;095027;2796.44;160.546624
IMOEX;0;20260330;095028;2796.45;107.849595
IMOEX;0;20260330;095029;2796.51;54.111732
IMOEX;0;20260330;095030;2796.1;507.379564
IMOEX;0;20260330;095031;2796.16;46.345703
IMOEX;0;20260330;095032;2796.14;79.68807
IMOEX;0;20260330;095033;2796.19;1196.340735
IMOEX;0;20260330;095034;2796.18;523.559642
IMOEX;0;20260330;095035;2796.18;47.79771
IMOEX;0;20260330;095036;2796.18;44.725304
IMOEX;0;20260330;095037;2796.22;81.274006
IMOEX;0;20260330;095038;2796.22;17.874488
IMOEX;0;20260330;095039;2796.18;135.943323
IMOEX;0;20260330;095040;2796.25;70.785159
IMOEX;0;20260330;095041;2796.1;396.149995
IMOEX;0;20260330;095042;2796.16;21.564932
IMOEX;0;20260330;095043;2796.26;166.273165
IMOEX;0;20260330;095044;2796.28;22.312143
IMOEX;0;20260330;095045;2796.3;25.301291
IMOEX;0;20260330;095046;2796.41;289.109251
IMOEX;0;20260330;095047;2796.06;216.039355
IMOEX;0;20260330;095048;2796.05;1621.834016
IMOEX;0;20260330;095049;2795.85;827.4024
IMOEX;0;20260330;095050;2795.94;101.467485
IMOEX;0;20260330;095051;2796.03;568.768575
IMOEX;0;20260330;095052;2796.12;252.58966
IMOEX;0;20260330;095053;2796.13;123.585813
IMOEX;0;20260330;095054;2796.15;168.553547
IMOEX;0;20260330;095055;2796.12;34.87547
IMOEX;0;20260330;095056;2796.13;40.612561
IMOEX;0;20260330;095057;2795.81;930.932002
IMOEX;0;20260330;095058;2795.88;150.202441
IMOEX;0;20260330;095059;2795.52;9518.100747
IMOEX;0;20260330;095100;2795.38;6073.231546
IMOEX;0;20260330;095102;2795.57;1290.918847
IMOEX;0;20260330;095103;2795.54;385.755167
IMOEX;0;20260330;095104;2795.67;609.949672
IMOEX;0;20260330;095105;2795.69;52.801634
IMOEX;0;20260330;095106;2795.67;95.26947
IMOEX;0;20260330;095107;2795.68;42.861129
IMOEX;0;20260330;095108;2795.66;403.28688
IMOEX;0;20260330;095109;2795.7;302.993526
IMOEX;0;20260330;095110;2795.71;264.007354
IMOEX;0;20260330;095111;2795.48;2196.604519
IMOEX;0;20260330;095112;2795.54;309.354186
IMOEX;0;20260330;095113;2795.6;75.688582
IMOEX;0;20260330;095114;2795.6;142.070039
IMOEX;0;20260330;095115;2795.77;508.65343
IMOEX;0;20260330;095116;2795.87;58.924056
IMOEX;0;20260330;095117;2795.75;110.619691
IMOEX;0;20260330;095118;2795.76;102.596789
IMOEX;0;20260330;095119;2795.77;7.708431
IMOEX;0;20260330;095120;2795.72;431.354714
IMOEX;0;20260330;095121;2795.7;58.834639
IMOEX;0;20260330;095122;2795.71;70.304502
IMOEX;0;20260330;095123;2795.74;407.703506
IMOEX;0;20260330;095124;2795.75;30.717339
IMOEX;0;20260330;095125;2795.76;123.789596
IMOEX;0;20260330;095126;2795.75;105.371725
IMOEX;0;20260330;095127;2795.88;482.074338
IMOEX;0;20260330;095128;2795.93;94.187623
IMOEX;0;20260330;095129;2795.92;1.07335
IMOEX;0;20260330;095130;2795.89;164.757555
IMOEX;0;20260330;095131;2795.36;657.55967
IMOEX;0;20260330;095132;2795.43;793.670383
IMOEX;0;20260330;095133;2795.43;628.025384
IMOEX;0;20260330;095134;2795.51;391.840487
IMOEX;0;20260330;095135;2795.54;24.467187
IMOEX;0;20260330;095136;2795.56;301.935212
IMOEX;0;20260330;095137;2795.63;95.276199
IMOEX;0;20260330;095138;2795.63;14.108448
IMOEX;0;20260330;095139;2795.63;114.821704
IMOEX;0;20260330;095140;2795.66;306.901769
IMOEX;0;20260330;095141;2795.63;11.730808
IMOEX;0;20260330;095142;2795.61;1787.028591
IMOEX;0;20260330;095143;2795.47;504.033311
IMOEX;0;20260330;095144;2795.33;594.725131
IMOEX;0;20260330;095145;2795.39;206.783311
IMOEX;0;20260330;095146;2795.27;2126.081201
IMOEX;0;20260330;095147;2795.3;569.997496
IMOEX;0;20260330;095148;2795.35;137.726939
IMOEX;0;20260330;095149;2795.27;334.533337
IMOEX;0;20260330;095150;2795.33;127.308761
IMOEX;0;20260330;095151;2795.46;587.515829
IMOEX;0;20260330;095152;2795.42;29.699294
IMOEX;0;20260330;095153;2795.44;735.094296
IMOEX;0;20260330;095154;2795.33;134.028183
IMOEX;0;20260330;095155;2795.35;123.478634
IMOEX;0;20260330;095156;2795.32;22.451097
IMOEX;0;20260330;095157;2795.28;1607.628932
IMOEX;0;20260330;095158;2795.26;522.800741
IMOEX;0;20260330;095159;2795.25;0.305876
IMOEX;0;20260330;095200;2795.3;104.300433
IMOEX;0;20260330;095201;2795.33;9.755557
IMOEX;0;20260330;095202;2795.32;105.016957
IMOEX;0;20260330;095203;2795.37;76.477175
IMOEX;0;20260330;095204;2795.36;209.876367
IMOEX;0;20260330;095205;2795.38;44.99424
IMOEX;0;20260330;095206;2795.42;20.959641
IMOEX;0;20260330;095207;2795.49;479.632909
IMOEX;0;20260330;095208;2795.45;72.640183
IMOEX;0;20260330;095209;2795.44;119.122571
IMOEX;0;20260330;095210;2795.45;926.965247
IMOEX;0;20260330;095211;2795.44;123.570171
IMOEX;0;20260330;095212;2795.39;472.568765
IMOEX;0;20260330;095213;2795.39;281.181874
IMOEX;0;20260330;095214;2795.48;90.72467
IMOEX;0;20260330;095215;2795.43;243.602594
IMOEX;0;20260330;095216;2795.02;810.902605
IMOEX;0;20260330;095217;2795.07;160.007799
IMOEX;0;20260330;095218;2794.97;503.669449
IMOEX;0;20260330;095219;2794.81;1796.326405
IMOEX;0;20260330;095220;2794.88;397.116155
IMOEX;0;20260330;095221;2794.94;24.818064
IMOEX;0;20260330;095222;2795;47.93703
IMOEX;0;20260330;095223;2794.79;420.985477
IMOEX;0;20260330;095224;2794.86;76.357313
IMOEX;0;20260330;095225;2794.84;799.983899
IMOEX;0;20260330;095226;2794.85;74.837648
IMOEX;0;20260330;095227;2794.87;852.872227
IMOEX;0;20260330;095228;2794.9;38.618197
IMOEX;0;20260330;095229;2794.91;186.948775
IMOEX;0;20260330;095230;2795.08;367.32759
IMOEX;0;20260330;095231;2795.11;111.695783
IMOEX;0;20260330;095232;2795.1;329.464062
IMOEX;0;20260330;095233;2795.13;14.135657
IMOEX;0;20260330;095234;2795.05;127.368026
IMOEX;0;20260330;095235;2795.04;53.889748
IMOEX;0;20260330;095236;2795.11;41.829839
IMOEX;0;20260330;095237;2795.13;20.789373
IMOEX;0;20260330;095238;2795.1;78.728489
IMOEX;0;20260330;095239;2795.11;796.241293
IMOEX;0;20260330;095240;2795.16;8.163754
IMOEX;0;20260330;095241;2795.03;111.953718
IMOEX;0;20260330;095242;2795.04;92.669515
IMOEX;0;20260330;095243;2795.04;22.326693
IMOEX;0;20260330;095244;2795.03;41.613865
IMOEX;0;20260330;095245;2795.02;62.009216
IMOEX;0;20260330;095246;2795.06;56.585905
IMOEX;0;20260330;095247;2795.09;12.237889
IMOEX;0;20260330;095248;2795.12;385.000286
IMOEX;0;20260330;095249;2794.99;932.897792
IMOEX;0;20260330;095250;2795.03;293.484864
IMOEX;0;20260330;095251;2795.08;7.034861
IMOEX;0;20260330;095252;2795.06;528.836948
IMOEX;0;20260330;095253;2795.04;298.390721
IMOEX;0;20260330;095254;2795.17;1062.767918
IMOEX;0;20260330;095255;2795.2;289.714153
IMOEX;0;20260330;095256;2795.31;127.932859
IMOEX;0;20260330;095257;2795.28;48.015583
IMOEX;0;20260330;095258;2795.38;223.767431
IMOEX;0;20260330;095259;2795.47;176.373204
IMOEX;0;20260330;095300;2795.53;2.058286
IMOEX;0;20260330;095301;2795.51;13.612543
IMOEX;0;20260330;095302;2795.51;10.788014
IMOEX;0;20260330;095303;2795.54;179.509147
IMOEX;0;20260330;095304;2795.54;203.533843
IMOEX;0;20260330;095305;2795.56;156.110046
IMOEX;0;20260330;095306;2795.56;0
IMOEX;0;20260330;095307;2795.51;259.784798
IMOEX;0;20260330;095308;2795.51;261.021781
IMOEX;0;20260330;095309;2795.51;174.374622
IMOEX;0;20260330;095310;2795.55;17.712436
IMOEX;0;20260330;095311;2795.72;105.432948
IMOEX;0;20260330;095312;2795.76;115.219833
IMOEX;0;20260330;095313;2795.99;595.131242
IMOEX;0;20260330;095314;2795.99;117.172093
IMOEX;0;20260330;095315;2795.94;4.218975
IMOEX;0;20260330;095316;2795.99;130.534444
IMOEX;0;20260330;095317;2796.01;83.721088
IMOEX;0;20260330;095318;2796.02;148.774329
IMOEX;0;20260330;095319;2796.03;216.843882
IMOEX;0;20260330;095320;2796.03;2.92665
IMOEX;0;20260330;095321;2796.15;414.00962
IMOEX;0;20260330;095322;2796.26;210.540508
IMOEX;0;20260330;095323;2796.29;251.478924
IMOEX;0;20260330;095324;2796.17;156.523387
IMOEX;0;20260330;095325;2796.42;785.440313
IMOEX;0;20260330;095326;2796.35;33.793338
IMOEX;0;20260330;095327;2796.39;19.171861
IMOEX;0;20260330;095328;2795.99;1046.652885
IMOEX;0;20260330;095329;2796.19;1009.195012
IMOEX;0;20260330;095330;2796.23;712.437818
IMOEX;0;20260330;095331;2796.15;186.591921
IMOEX;0;20260330;095332;2796.13;14.716412
IMOEX;0;20260330;095333;2796.13;87.018844
IMOEX;0;20260330;095334;2796.21;13.215388
IMOEX;0;20260330;095335;2796.22;920.189041
IMOEX;0;20260330;095336;2796.19;297.722258
IMOEX;0;20260330;095337;2796.24;177.052757
IMOEX;0;20260330;095338;2796.24;199.934197
IMOEX;0;20260330;095339;2796.29;180.780963
IMOEX;0;20260330;095340;2796.3;114.213425
IMOEX;0;20260330;095341;2796.3;77.34256
IMOEX;0;20260330;095342;2796.26;103.472495
IMOEX;0;20260330;095343;2796.37;96.460769
IMOEX;0;20260330;095344;2796.3;275.333119
IMOEX;0;20260330;095345;2796.43;1577.751276
IMOEX;0;20260330;095346;2796.46;18.162606
IMOEX;0;20260330;095347;2796.53;144.411109
IMOEX;0;20260330;095348;2796.54;0.112997
IMOEX;0;20260330;095349;2796.53;2.4441
IMOEX;0;20260330;095350;2796.58;220.686696
IMOEX;0;20260330;095351;2796.54;26.370086
IMOEX;0;20260330;095352;2796.54;474.126957
IMOEX;0;20260330;095353;2796.54;35.194562
IMOEX;0;20260330;095354;2796.57;324.919097
IMOEX;0;20260330;095355;2796.58;67.20101
IMOEX;0;20260330;095356;2796.57;7.460568
IMOEX;0;20260330;095357;2796.61;267.77098
IMOEX;0;20260330;095358;2796.82;1580.002646
IMOEX;0;20260330;095359;2796.91;1987.901291
IMOEX;0;20260330;095400;2796.94;313.902336
IMOEX;0;20260330;095406;2797.46;1449.872027
IMOEX;0;20260330;095407;2796.97;970.23529
IMOEX;0;20260330;095408;2797.06;288.610541
IMOEX;0;20260330;095409;2797.13;29.510963
IMOEX;0;20260330;095410;2797.05;43.860496
IMOEX;0;20260330;095411;2797.01;443.302312
IMOEX;0;20260330;095412;2797.04;16.604339
IMOEX;0;20260330;095413;2796.98;156.75407
IMOEX;0;20260330;095414;2797.03;210.96842
IMOEX;0;20260330;095415;2797.13;223.753991
IMOEX;0;20260330;095416;2797.17;9.641173
IMOEX;0;20260330;095417;2797.18;259.660444
IMOEX;0;20260330;095418;2797.22;64.395006
IMOEX;0;20260330;095419;2797.22;5.382844
IMOEX;0;20260330;095420;2797.21;79.339056
IMOEX;0;20260330;095421;2797.16;600.145147
IMOEX;0;20260330;095422;2797.24;676.878995
IMOEX;0;20260330;095423;2797.24;0.436144
IMOEX;0;20260330;095424;2797.25;122.827777
IMOEX;0;20260330;095425;2797.23;4.866243
IMOEX;0;20260330;095426;2797.26;39.224455
IMOEX;0;20260330;095427;2797.51;1303.150659
IMOEX;0;20260330;095428;2797.42;1368.853444
IMOEX;0;20260330;095429;2797.41;700.155501
IMOEX;0;20260330;095430;2797.5;207.436997
IMOEX;0;20260330;095431;2797.54;325.990334
IMOEX;0;20260330;095432;2797.68;2720.081282
IMOEX;0;20260330;095433;2797.69;191.069418
IMOEX;0;20260330;095434;2797.8;110.681607
IMOEX;0;20260330;095435;2797.79;17.908421
IMOEX;0;20260330;095436;2797.69;65.067252
IMOEX;0;20260330;095437;2797.75;220.242338
IMOEX;0;20260330;095438;2797.84;113.479327
IMOEX;0;20260330;095439;2797.84;1035.881251
IMOEX;0;20260330;095440;2797.94;126.476622
IMOEX;0;20260330;095441;2797.99;187.380227
IMOEX;0;20260330;095442;2797.92;456.243567
IMOEX;0;20260330;095443;2797.84;147.278972
IMOEX;0;20260330;095444;2797.77;134.301604
IMOEX;0;20260330;095445;2797.81;34.636376
IMOEX;0;20260330;095446;2797.85;178.091392
IMOEX;0;20260330;095447;2797.86;69.658596
IMOEX;0;20260330;095448;2797.82;269.396888
IMOEX;0;20260330;095449;2797.77;232.009422
IMOEX;0;20260330;095450;2797.78;312.484899
IMOEX;0;20260330;095451;2797.82;264.603155
IMOEX;0;20260330;095452;2797.8;442.539853
IMOEX;0;20260330;095453;2797.8;0.030024
IMOEX;0;20260330;095454;2797.8;13.217171
IMOEX;0;20260330;095455;2797.79;98.942022
IMOEX;0;20260330;095456;2797.8;78.568161
IMOEX;0;20260330;095457;2797.85;18.243294
IMOEX;0;20260330;095458;2797.85;187.963258
IMOEX;0;20260330;095459;2797.86;115.784564
IMOEX;0;20260330;095500;2797.9;270.513599
IMOEX;0;20260330;095501;2797.92;460.293003
IMOEX;0;20260330;095502;2797.97;791.488472
IMOEX;0;20260330;095503;2797.96;305.787073
IMOEX;0;20260330;095504;2797.88;3083.260183
IMOEX;0;20260330;095505;2798.03;169.949929
IMOEX;0;20260330;095506;2797.87;507.488196
IMOEX;0;20260330;095507;2798.23;1779.355521
IMOEX;0;20260330;095508;2798.12;1893.544952
IMOEX;0;20260330;095509;2797.93;691.246386
IMOEX;0;20260330;095510;2798.07;6.473748
IMOEX;0;20260330;095511;2798.19;788.145194
IMOEX;0;20260330;095512;2798.23;84.176426
IMOEX;0;20260330;095513;2798.23;419.426209
IMOEX;0;20260330;095514;2798.26;164.360353
IMOEX;0;20260330;095515;2798.22;182.773692
IMOEX;0;20260330;095516;2798.26;447.681059
IMOEX;0;20260330;095517;2798.25;44.878406
IMOEX;0;20260330;095518;2798.26;5.870076
IMOEX;0;20260330;095519;2798.23;71.770726
IMOEX;0;20260330;095520;2798.27;159.186569
IMOEX;0;20260330;095521;2798.29;94.703194
IMOEX;0;20260330;095522;2798.35;60.466346
IMOEX;0;20260330;095523;2798.38;520.203475
IMOEX;0;20260330;095524;2798.43;176.968157
IMOEX;0;20260330;095525;2798.47;101.703788
IMOEX;0;20260330;095526;2798.49;26.904509
IMOEX;0;20260330;095527;2798.48;50.197607
IMOEX;0;20260330;095528;2798.43;67.751918
IMOEX;0;20260330;095529;2798.46;153.409018
IMOEX;0;20260330;095530;2798.49;440.116277
IMOEX;0;20260330;095531;2798.55;99.114184
IMOEX;0;20260330;095532;2798.56;40.301798
IMOEX;0;20260330;095533;2798.54;183.726515
IMOEX;0;20260330;095534;2798.49;33.401942
IMOEX;0;20260330;095535;2798.5;52.331606
IMOEX;0;20260330;095536;2798.49;3773.506069
IMOEX;0;20260330;095537;2798.47;145.451979
IMOEX;0;20260330;095538;2798.43;141.506845
IMOEX;0;20260330;095539;2798.37;332.517859
IMOEX;0;20260330;095540;2798.43;44.355228
IMOEX;0;20260330;095541;2798.48;7.207484
IMOEX;0;20260330;095542;2798.45;123.45334
IMOEX;0;20260330;095543;2798.44;40.547948
IMOEX;0;20260330;095544;2798.42;38.094353
IMOEX;0;20260330;095545;2798.5;299.832053
IMOEX;0;20260330;095546;2798.4;2311.806032
IMOEX;0;20260330;095547;2798.36;10.320688
IMOEX;0;20260330;095548;2798.34;428.615894
IMOEX;0;20260330;095549;2798.34;93.543315
IMOEX;0;20260330;095550;2797.88;415.78731
IMOEX;0;20260330;095551;2797.9;50.64334
IMOEX;0;20260330;095552;2797.46;9806.192046
IMOEX;0;20260330;095553;2797.57;1903.63494
IMOEX;0;20260330;095554;2797.57;1036.186405
IMOEX;0;20260330;095555;2797.63;48.810243
IMOEX;0;20260330;095556;2797.62;13.387451
IMOEX;0;20260330;095557;2797.67;127.661232
IMOEX;0;20260330;095558;2797.68;178.534714
IMOEX;0;20260330;095559;2797.68;63.946198
IMOEX;0;20260330;095600;2797.86;228.600788
IMOEX;0;20260330;095601;2797.82;111.859233
IMOEX;0;20260330;095602;2797.82;0.142254
IMOEX;0;20260330;095603;2797.77;125.601104
IMOEX;0;20260330;095604;2797.77;7.306533
IMOEX;0;20260330;095605;2797.81;165.721404
IMOEX;0;20260330;095606;2797.77;14.388602
IMOEX;0;20260330;095607;2797.87;369.961435
IMOEX;0;20260330;095608;2797.46;2756.494105
IMOEX;0;20260330;095609;2797.71;274.407283
IMOEX;0;20260330;095610;2797.68;135.209173
IMOEX;0;20260330;095611;2797.64;423.619551
IMOEX;0;20260330;095612;2797.68;23.199222
IMOEX;0;20260330;095613;2797.68;96.778045
IMOEX;0;20260330;095614;2797.69;11.975237
IMOEX;0;20260330;095615;2797.67;20.350863
IMOEX;0;20260330;095616;2797.75;142.35189
IMOEX;0;20260330;095617;2797.84;217.267249
IMOEX;0;20260330;095618;2797.79;2.858685
IMOEX;0;20260330;095619;2797.68;1229.944811
IMOEX;0;20260330;095620;2797.86;180.055828
IMOEX;0;20260330;095621;2797.87;217.598745
IMOEX;0;20260330;095622;2797.86;615.633377
IMOEX;0;20260330;095623;2797.84;401.032582
IMOEX;0;20260330;095624;2797.92;26.074727
IMOEX;0;20260330;095625;2797.92;15.535112
IMOEX;0;20260330;095626;2798.12;616.132618
IMOEX;0;20260330;095627;2798.12;38.231741
IMOEX;0;20260330;095628;2798.12;127.894443
IMOEX;0;20260330;095629;2798.16;191.895388
IMOEX;0;20260330;095630;2798.14;92.240917
IMOEX;0;20260330;095631;2798.13;148.083184
IMOEX;0;20260330;095632;2798.17;160.159676
IMOEX;0;20260330;095633;2798.17;26.125646
IMOEX;0;20260330;095634;2798.14;216.66071
IMOEX;0;20260330;095635;2798.15;241.766167
IMOEX;0;20260330;095636;2798.17;74.287123
IMOEX;0;20260330;095637;2798.15;751.669139
IMOEX;0;20260330;095638;2798.11;18.634721
IMOEX;0;20260330;095639;2798.11;16.79598
IMOEX;0;20260330;095640;2798.12;199.773777
IMOEX;0;20260330;095641;2797.64;240.43694
IMOEX;0;20260330;095642;2797.68;1004.57379
IMOEX;0;20260330;095643;2797.73;227.697455
IMOEX;0;20260330;095644;2797.71;120.720518
IMOEX;0;20260330;095645;2797.72;159.373704
IMOEX;0;20260330;095646;2797.73;11.071118
IMOEX;0;20260330;095647;2797.64;102.854906
IMOEX;0;20260330;095648;2797.65;35.571283
IMOEX;0;20260330;095649;2797.67;106.859994
IMOEX;0;20260330;095650;2797.72;311.954735
IMOEX;0;20260330;095651;2797.72;102.687188
IMOEX;0;20260330;095652;2797.8;77.233541
IMOEX;0;20260330;095653;2797.83;101.149105
IMOEX;0;20260330;095654;2797.84;176.40537
IMOEX;0;20260330;095655;2797.9;63.866829
IMOEX;0;20260330;095656;2797.85;103.976267
IMOEX;0;20260330;095657;2797.86;14.18477
IMOEX;0;20260330;095658;2797.53;456.005476
IMOEX;0;20260330;095659;2797.61;67.896526
IMOEX;0;20260330;095700;2797.59;615.11694
IMOEX;0;20260330;095701;2797.55;66.26012
IMOEX;0;20260330;095702;2797.49;351.385349
IMOEX;0;20260330;095703;2797.47;175.882494
IMOEX;0;20260330;095704;2797.5;101.272207
IMOEX;0;20260330;095705;2797.48;494.534009
IMOEX;0;20260330;095706;2797.54;500.404284
IMOEX;0;20260330;095707;2797.54;573.348728
IMOEX;0;20260330;095708;2797.6;36.131684
IMOEX;0;20260330;095709;2797.6;8.01294
IMOEX;0;20260330;095710;2797.61;135.076369
IMOEX;0;20260330;095711;2797.66;11.393808
IMOEX;0;20260330;095712;2797.66;124.303525
IMOEX;0;20260330;095713;2797.69;36.111578
IMOEX;0;20260330;095714;2797.67;4.850822
IMOEX;0;20260330;095715;2797.09;1892.816463
IMOEX;0;20260330;095716;2797.14;68.698742
IMOEX;0;20260330;095717;2797.19;14.82595
IMOEX;0;20260330;095718;2797.23;302.736993
IMOEX;0;20260330;095719;2797.25;277.066405
IMOEX;0;20260330;095720;2797.27;433.190575
IMOEX;0;20260330;095721;2797.02;1279.543228
IMOEX;0;20260330;095722;2797.02;643.214564
IMOEX;0;20260330;095723;2797.05;94.738743
IMOEX;0;20260330;095724;2797.01;57.469584
IMOEX;0;20260330;095725;2797.08;396.98364
IMOEX;0;20260330;095726;2797.16;139.86615
IMOEX;0;20260330;095727;2797.16;0
IMOEX;0;20260330;095728;2797.21;215.193353
IMOEX;0;20260330;095729;2797.15;71.142055
IMOEX;0;20260330;095730;2797.22;459.131209
IMOEX;0;20260330;095731;2797.23;2.412029
IMOEX;0;20260330;095732;2797.27;12.522209
IMOEX;0;20260330;095733;2797.26;2.649021
IMOEX;0;20260330;095734;2797.3;302.115969
IMOEX;0;20260330;095735;2797.42;299.409456
IMOEX;0;20260330;095736;2797.41;831.275358
IMOEX;0;20260330;095737;2797.57;1361.715346
IMOEX;0;20260330;095738;2797.58;19.183723
IMOEX;0;20260330;095739;2797.7;194.4004
IMOEX;0;20260330;095740;2797.59;117.513288
IMOEX;0;20260330;095741;2797.59;72.20286
IMOEX;0;20260330;095742;2797.57;28.091165
IMOEX;0;20260330;095743;2797.6;32.224407
IMOEX;0;20260330;095744;2797.51;106.645553
IMOEX;0;20260330;095745;2797.5;50.381769
IMOEX;0;20260330;095746;2797.52;118.457419
IMOEX;0;20260330;095747;2797.54;81.012246
IMOEX;0;20260330;095748;2797.52;9.744345
IMOEX;0;20260330;095749;2797.56;31.210769
IMOEX;0;20260330;095750;2797.53;76.083188
IMOEX;0;20260330;095751;2797.5;7.467739
IMOEX;0;20260330;095752;2797.49;254.976783
IMOEX;0;20260330;095753;2797.49;2.086871
IMOEX;0;20260330;095754;2797.42;1174.415354
IMOEX;0;20260330;095755;2797.37;659.868376
IMOEX;0;20260330;095756;2797.32;467.767363
IMOEX;0;20260330;095757;2797.34;71.097185
IMOEX;0;20260330;095758;2797.41;101.08386
IMOEX;0;20260330;095759;2797.37;1125.450691
IMOEX;0;20260330;095800;2797.33;231.633736
IMOEX;0;20260330;095801;2797.32;42.620437
IMOEX;0;20260330;095802;2797.36;10.85738
IMOEX;0;20260330;095803;2797.37;54.829358
IMOEX;0;20260330;095804;2797.37;2138.941577
IMOEX;0;20260330;095805;2797.36;218.627921
IMOEX;0;20260330;095806;2797.36;73.635499
IMOEX;0;20260330;095807;2797.32;76.400269
IMOEX;0;20260330;095808;2797.33;100.810058
IMOEX;0;20260330;095809;2797.34;202.252854
IMOEX;0;20260330;095810;2797.38;73.449085
IMOEX;0;20260330;095811;2797.37;181.688872
IMOEX;0;20260330;095812;2797.42;42.629637
IMOEX;0;20260330;095813;2797.38;211.149719
IMOEX;0;20260330;095814;2797.43;21.506168
IMOEX;0;20260330;095815;2797.45;253.938051
IMOEX;0;20260330;095816;2797.49;815.406311
IMOEX;0;20260330;095817;2797.52;208.773843
IMOEX;0;20260330;095818;2797.51;65.536852
IMOEX;0;20260330;095819;2797.47;16.298298
IMOEX;0;20260330;095820;2797.47;54.153932
IMOEX;0;20260330;095821;2797.54;59.602007
IMOEX;0;20260330;095822;2797.57;86.981202
IMOEX;0;20260330;095823;2797.53;39.609942
IMOEX;0;20260330;095824;2797.5;368.473995
IMOEX;0;20260330;095825;2797.49;221.619738
IMOEX;0;20260330;095826;2797.47;6179.047139
IMOEX;0;20260330;095827;2797.48;402.094027
IMOEX;0;20260330;095828;2797.46;797.287182
IMOEX;0;20260330;095829;2797.49;373.910541
IMOEX;0;20260330;095830;2797.49;18.021512
IMOEX;0;20260330;095831;2797.5;36.565862
IMOEX;0;20260330;095832;2797.5;21.965326
IMOEX;0;20260330;095833;2797.5;51.8395
IMOEX;0;20260330;095834;2797.51;22.62941
IMOEX;0;20260330;095835;2797.49;245.614462
IMOEX;0;20260330;095836;2797.48;18.443027
IMOEX;0;20260330;095837;2797.49;7.531037
IMOEX;0;20260330;095838;2797.52;51.513126
IMOEX;0;20260330;095839;2797.52;8.408876
IMOEX;0;20260330;095840;2797.57;274.799201
IMOEX;0;20260330;095841;2797.63;117.233158
IMOEX;0;20260330;095842;2797.11;879.588933
IMOEX;0;20260330;095843;2797.14;24.102834
IMOEX;0;20260330;095844;2797.18;95.002109
IMOEX;0;20260330;095845;2797.17;164.383645
IMOEX;0;20260330;095846;2797.07;422.638332
IMOEX;0;20260330;095847;2797.15;55.139696
IMOEX;0;20260330;095848;2797.19;464.556215
IMOEX;0;20260330;095849;2797.14;35.903459
IMOEX;0;20260330;095850;2797.19;29.925747
IMOEX;0;20260330;095851;2797.19;77.847054
IMOEX;0;20260330;095852;2797.21;40.992274
IMOEX;0;20260330;095853;2797.16;10.849218
IMOEX;0;20260330;095854;2797.17;64.025426
IMOEX;0;20260330;095855;2797.21;296.462904
IMOEX;0;20260330;095856;2797.26;73.94772
IMOEX;0;20260330;095857;2797.25;67.67897
IMOEX;0;20260330;095858;2797.28;151.10107
IMOEX;0;20260330;095859;2797.26;23.368582
IMOEX;0;20260330;095900;2797.31;350.181067
IMOEX;0;20260330;095901;2797.34;640.957481
IMOEX;0;20260330;095902;2797.42;200.774642
IMOEX;0;20260330;095903;2797.44;240.298988
IMOEX;0;20260330;095904;2797.23;2552.535902
IMOEX;0;20260330;095905;2797.34;20.44764
IMOEX;0;20260330;095906;2797.28;340.878282
IMOEX;0;20260330;095907;2797.31;99.887392
IMOEX;0;20260330;095908;2797.3;1093.113002
IMOEX;0;20260330;095909;2797.31;134.70763
IMOEX;0;20260330;095910;2797.31;61.559141
IMOEX;0;20260330;095911;2797.33;115.802569
IMOEX;0;20260330;095912;2797.48;226.136737
IMOEX;0;20260330;095913;2797.53;359.917856
IMOEX;0;20260330;095914;2797.51;457.355648
IMOEX;0;20260330;095915;2797.54;145.396312
IMOEX;0;20260330;095916;2797.58;878.926072
IMOEX;0;20260330;095917;2797.6;92.807764
IMOEX;0;20260330;095918;2797.37;7000.990216
IMOEX;0;20260330;095919;2797.41;1288.934765
IMOEX;0;20260330;095920;2797.45;220.057552
IMOEX;0;20260330;095921;2797.46;165.799332
IMOEX;0;20260330;095922;2797.49;178.989022
IMOEX;0;20260330;095923;2797.5;1.539946
IMOEX;0;20260330;095924;2797.51;57.461099
IMOEX;0;20260330;095925;2797.52;302.665575
IMOEX;0;20260330;095926;2797.54;111.689198
IMOEX;0;20260330;095927;2797.56;70.731995
IMOEX;0;20260330;095928;2797.53;326.638856
IMOEX;0;20260330;095929;2797.45;449.012494
IMOEX;0;20260330;095930;2797.44;53.636539
IMOEX;0;20260330;095931;2797.53;19.694516
IMOEX;0;20260330;095932;2797.56;217.679692
IMOEX;0;20260330;095933;2797.6;631.104161
IMOEX;0;20260330;095934;2797.57;396.230657
IMOEX;0;20260330;095935;2797.55;44.181873
IMOEX;0;20260330;095936;2797.53;74.998302
IMOEX;0;20260330;095937;2797.54;656.804192
IMOEX;0;20260330;095938;2797.55;2.720595
IMOEX;0;20260330;095939;2797.45;81.967149
IMOEX;0;20260330;095940;2797.43;19.310581
IMOEX;0;20260330;095941;2797.45;16.840694
IMOEX;0;20260330;095942;2797.41;826.930268
IMOEX;0;20260330;095943;2797.32;27.690075
IMOEX;0;20260330;095944;2797.31;15.268955
IMOEX;0;20260330;095945;2797.35;63.672762
IMOEX;0;20260330;095946;2797.34;1320.191325
IMOEX;0;20260330;095947;2797.3;586.291781
IMOEX;0;20260330;095948;2797.2;180.092593
IMOEX;0;20260330;095949;2797.2;184.682897
IMOEX;0;20260330;095950;2797.22;23.369631
IMOEX;0;20260330;095951;2797.19;1426.008601
IMOEX;0;20260330;095952;2797.14;122.460799
IMOEX;0;20260330;095953;2797.06;42.796722
IMOEX;0;20260330;095954;2797.07;326.068708
IMOEX;0;20260330;095955;2797.05;61.525893
IMOEX;0;20260330;095956;2797.03;1158.305417
IMOEX;0;20260330;095957;2797.04;150.445828
IMOEX;0;20260330;095958;2797.05;11.074882
IMOEX;0;20260330;095959;2797.1;43.031711
IMOEX;0;20260330;100000;2797.05;6.298422
IMOEX;0;20260330;100001;2796.97;552.649117
IMOEX;0;20260330;100002;2796.66;756.750195
IMOEX;0;20260330;100003;2796.49;1244.659913
IMOEX;0;20260330;100004;2796.52;833.303177
IMOEX;0;20260330;100005;2796.42;99.265132
IMOEX;0;20260330;100006;2796.48;394.208076
IMOEX;0;20260330;100007;2796.39;828.858278
IMOEX;0;20260330;100008;2796.43;503.487661
IMOEX;0;20260330;100009;2796.51;210.650418
IMOEX;0;20260330;100010;2796.5;80.244234
IMOEX;0;20260330;100011;2796.7;559.48332
IMOEX;0;20260330;100012;2796.54;2562.540854
IMOEX;0;20260330;100013;2796.72;291.596942
IMOEX;0;20260330;100014;2796.81;390.917152
IMOEX;0;20260330;100015;2796.73;3035.948769
IMOEX;0;20260330;100016;2796.74;220.236776
IMOEX;0;20260330;100017;2796.77;465.854182
IMOEX;0;20260330;100018;2796.84;1019.308219
IMOEX;0;20260330;100019;2796.83;328.770429
IMOEX;0;20260330;100020;2796.84;334.380229
IMOEX;0;20260330;100021;2796.19;1297.537721
IMOEX;0;20260330;100022;2796.39;408.406195
IMOEX;0;20260330;100023;2796.4;885.477757
IMOEX;0;20260330;100024;2796.36;583.278977
IMOEX;0;20260330;100025;2796.61;642.977748
IMOEX;0;20260330;100026;2796.9;675.676642
IMOEX;0;20260330;100027;2797.02;78.010525
IMOEX;0;20260330;100028;2797.04;32.65166
IMOEX;0;20260330;100029;2797.08;280.148584
IMOEX;0;20260330;100030;2797.17;87.899913
IMOEX;0;20260330;100031;2797.18;13.520403
IMOEX;0;20260330;100032;2797.13;52.505961
IMOEX;0;20260330;100033;2797.17;122.002595
IMOEX;0;20260330;100034;2797.19;894.900597
IMOEX;0;20260330;100035;2797.17;96.933329
IMOEX;0;20260330;100036;2797.21;869.760583
IMOEX;0;20260330;100037;2797.19;735.044098
IMOEX;0;20260330;100038;2797.23;293.463534
IMOEX;0;20260330;100039;2797.19;105.216306
IMOEX;0;20260330;100040;2797.16;201.506171
IMOEX;0;20260330;100041;2797.25;454.100992
IMOEX;0;20260330;100042;2797.3;540.196976
IMOEX;0;20260330;100043;2797.29;20.014371
IMOEX;0;20260330;100044;2797.28;5.992965
IMOEX;0;20260330;100045;2797.34;781.188915
IMOEX;0;20260330;100046;2797.33;339.232411
IMOEX;0;20260330;100047;2797.53;2508.735206
IMOEX;0;20260330;100048;2797.59;102.323786
IMOEX;0;20260330;100049;2797.69;183.575378
IMOEX;0;20260330;100050;2797.7;281.803624
IMOEX;0;20260330;100051;2797.71;1990.137648
IMOEX;0;20260330;100052;2797.91;3894.128117
IMOEX;0;20260330;100053;2797.93;627.75409
IMOEX;0;20260330;100054;2797.79;407.069508
IMOEX;0;20260330;100055;2797.73;156.279913
IMOEX;0;20260330;100056;2797.61;325.562176
IMOEX;0;20260330;100057;2797.62;15.279059
IMOEX;0;20260330;100058;2797.65;2192.329276
IMOEX;0;20260330;100059;2797.59;138.485625
IMOEX;0;20260330;100100;2797.61;64.030011
IMOEX;0;20260330;100101;2797.73;90.957312
IMOEX;0;20260330;100102;2797.85;1106.650821
IMOEX;0;20260330;100103;2797.88;102.848228
IMOEX;0;20260330;100104;2797.84;1248.558173
IMOEX;0;20260330;100105;2797.9;1569.753386
IMOEX;0;20260330;100106;2797.98;232.532756
IMOEX;0;20260330;100107;2797.96;188.328997
IMOEX;0;20260330;100108;2797.37;883.935625
IMOEX;0;20260330;100109;2797.3;228.699818
IMOEX;0;20260330;100110;2796.64;1650.672593
IMOEX;0;20260330;100111;2796.72;271.098644
IMOEX;0;20260330;100112;2796.49;1102.49098
IMOEX;0;20260330;100113;2796.59;451.912508
IMOEX;0;20260330;100114;2796.6;30.485232
IMOEX;0;20260330;100115;2796.59;80.293143
IMOEX;0;20260330;100116;2796.41;256.589341
IMOEX;0;20260330;100117;2796.3;386.819011
IMOEX;0;20260330;100118;2796.28;571.484258
IMOEX;0;20260330;100119;2795.76;2293.369603
IMOEX;0;20260330;100120;2795.78;713.795077
IMOEX;0;20260330;100121;2795.79;115.677143
IMOEX;0;20260330;100122;2795.78;399.703482
IMOEX;0;20260330;100123;2795.65;474.506108
IMOEX;0;20260330;100124;2795.85;364.796395
IMOEX;0;20260330;100125;2795.87;574.500603
IMOEX;0;20260330;100126;2795.95;11.751998
IMOEX;0;20260330;100127;2795.93;794.96697
IMOEX;0;20260330;100128;2796;88.027897
IMOEX;0;20260330;100129;2796.07;192.712629
IMOEX;0;20260330;100130;2796.11;227.412727
IMOEX;0;20260330;100131;2796.19;139.704383
IMOEX;0;20260330;100132;2796.28;23.010929
IMOEX;0;20260330;100133;2796.29;112.207604
IMOEX;0;20260330;100134;2796.35;132.055358
IMOEX;0;20260330;100135;2796.34;86.564581
IMOEX;0;20260330;100136;2795.95;171.327456
IMOEX;0;20260330;100137;2796;404.972818
IMOEX;0;20260330;100138;2796.03;125.46575
IMOEX;0;20260330;100139;2796.11;92.182353
IMOEX;0;20260330;100140;2795.97;549.633222
IMOEX;0;20260330;100141;2795.98;346.586528
IMOEX;0;20260330;100142;2796.17;72.047122
IMOEX;0;20260330;100143;2796.14;297.896743
IMOEX;0;20260330;100144;2796.2;23.168944
IMOEX;0;20260330;100145;2795.67;806.306896
IMOEX;0;20260330;100146;2795.79;52.850178
IMOEX;0;20260330;100147;2795.72;306.929521
IMOEX;0;20260330;100148;2795.79;154.684007
IMOEX;0;20260330;100149;2795.78;382.680683
IMOEX;0;20260330;100150;2795.72;136.757258
IMOEX;0;20260330;100151;2795.79;252.677061
IMOEX;0;20260330;100152;2795.79;263.260474
IMOEX;0;20260330;100153;2795.79;32.869422
IMOEX;0;20260330;100154;2795.76;424.828311
IMOEX;0;20260330;100155;2795.76;388.515109
IMOEX;0;20260330;100156;2795.18;1240.747286
IMOEX;0;20260330;100157;2795.19;214.947821
IMOEX;0;20260330;100158;2794.76;1757.23962
IMOEX;0;20260330;100159;2794.74;788.452593
IMOEX;0;20260330;100200;2794.64;2448.954427
IMOEX;0;20260330;100201;2794.64;414.151375
IMOEX;0;20260330;100202;2794.69;192.206649
IMOEX;0;20260330;100203;2794.59;1043.319414
IMOEX;0;20260330;100204;2794.59;147.139294
IMOEX;0;20260330;100205;2794.58;276.714211
IMOEX;0;20260330;100206;2794.59;18.598435
IMOEX;0;20260330;100207;2794.56;1012.483897
IMOEX;0;20260330;100208;2794.69;136.397597
IMOEX;0;20260330;100209;2794.57;320.828249
IMOEX;0;20260330;100210;2794.55;219.809272
IMOEX;0;20260330;100211;2794.56;976.204125
IMOEX;0;20260330;100212;2794.47;722.938518
IMOEX;0;20260330;100213;2794.5;66.045446
IMOEX;0;20260330;100214;2794.45;1788.381256
IMOEX;0;20260330;100215;2794.5;354.190732
IMOEX;0;20260330;100216;2794.5;247.305779
IMOEX;0;20260330;100217;2794.33;449.068292
IMOEX;0;20260330;100218;2794.33;575.566236
IMOEX;0;20260330;100219;2794.02;3046.970673
IMOEX;0;20260330;100220;2794.08;369.432514
IMOEX;0;20260330;100221;2793.96;1737.669831
IMOEX;0;20260330;100222;2794.09;697.647893
IMOEX;0;20260330;100223;2794.17;192.468604
IMOEX;0;20260330;100224;2794.12;210.310581
IMOEX;0;20260330;100225;2794.08;205.106511
IMOEX;0;20260330;100226;2794.11;14.027723
IMOEX;0;20260330;100227;2794.03;1345.274389
IMOEX;0;20260330;100228;2794.08;2618.501976
IMOEX;0;20260330;100229;2794.09;873.284325
IMOEX;0;20260330;100230;2794.07;255.20191
IMOEX;0;20260330;100231;2794.15;66.207254
IMOEX;0;20260330;100232;2794.19;246.996446
IMOEX;0;20260330;100233;2794.32;1476.975436
IMOEX;0;20260330;100234;2794.31;248.628821
IMOEX;0;20260330;100235;2794.33;1013.44902
IMOEX;0;20260330;100236;2794.34;391.80701
IMOEX;0;20260330;100237;2794.35;24.339471
IMOEX;0;20260330;100238;2794.4;192.81921
IMOEX;0;20260330;100239;2794.44;295.530053
IMOEX;0;20260330;100240;2794.73;267.517435
IMOEX;0;20260330;100241;2794.82;87.185579
IMOEX;0;20260330;100242;2794.83;57.629265
IMOEX;0;20260330;100243;2794.83;65.552109
IMOEX;0;20260330;100244;2794.82;100.335979
IMOEX;0;20260330;100245;2794.83;34.960982
IMOEX;0;20260330;100246;2794.85;92.803549
IMOEX;0;20260330;100247;2794.86;71.68266
IMOEX;0;20260330;100248;2794.86;230.148558
IMOEX;0;20260330;100249;2794.87;749.513215
IMOEX;0;20260330;100250;2794.85;2015.006888
IMOEX;0;20260330;100251;2794.84;252.912868
IMOEX;0;20260330;100252;2794.86;10.531476
IMOEX;0;20260330;100253;2794.88;115.311212
IMOEX;0;20260330;100254;2794.82;2589.085523
IMOEX;0;20260330;100255;2794.84;616.092871
IMOEX;0;20260330;100256;2794.84;69.683417
IMOEX;0;20260330;100257;2794.94;37.334612
IMOEX;0;20260330;100258;2794.95;7.069178
IMOEX;0;20260330;100259;2794.96;37.55331
IMOEX;0;20260330;100300;2794.98;51.27085
IMOEX;0;20260330;100301;2795.01;4.802487
IMOEX;0;20260330;100302;2795.03;159.022265
IMOEX;0;20260330;100303;2795.08;229.400232
IMOEX;0;20260330;100304;2795.06;16.256896
IMOEX;0;20260330;100305;2795.07;245.626049
IMOEX;0;20260330;100306;2795.02;128.142554
IMOEX;0;20260330;100307;2795.15;14.101927
IMOEX;0;20260330;100308;2795.23;263.623745
IMOEX;0;20260330;100309;2795.25;377.734013
IMOEX;0;20260330;100310;2795.16;905.13781
IMOEX;0;20260330;100311;2795.19;147.192141
IMOEX;0;20260330;100312;2795.09;1358.9244
IMOEX;0;20260330;100313;2795.13;148.984841
IMOEX;0;20260330;100314;2795.16;239.593082
IMOEX;0;20260330;100315;2795.2;28.575415
IMOEX;0;20260330;100316;2795.21;29.406377
IMOEX;0;20260330;100317;2795.2;74.75601
IMOEX;0;20260330;100318;2795.11;37.9223
IMOEX;0;20260330;100319;2795.14;371.864021
IMOEX;0;20260330;100320;2795.03;2334.995331
IMOEX;0;20260330;100321;2795.07;71.841492
IMOEX;0;20260330;100322;2795.04;342.202258
IMOEX;0;20260330;100323;2794.96;117.666442
IMOEX;0;20260330;100324;2794.99;52.629169
IMOEX;0;20260330;100325;2795.09;88.768161
IMOEX;0;20260330;100326;2795.05;106.904349
IMOEX;0;20260330;100327;2795.13;319.312876
IMOEX;0;20260330;100328;2795.14;173.939409
IMOEX;0;20260330;100329;2795.14;238.902524
IMOEX;0;20260330;100330;2795.17;121.442345
IMOEX;0;20260330;100331;2795.18;79.052154
IMOEX;0;20260330;100332;2795.18;44.971701
IMOEX;0;20260330;100333;2795.14;68.782601
IMOEX;0;20260330;100334;2795.16;3703.190515
IMOEX;0;20260330;100335;2795.23;691.636109
IMOEX;0;20260330;100336;2795.25;511.78213
IMOEX;0;20260330;100337;2795.31;204.825225
IMOEX;0;20260330;100338;2795.38;373.579978
IMOEX;0;20260330;100339;2795.4;93.085784
IMOEX;0;20260330;100340;2795.36;434.681401
IMOEX;0;20260330;100341;2795.43;179.808473
IMOEX;0;20260330;100342;2795.43;10.89099
IMOEX;0;20260330;100343;2795.42;145.472952
IMOEX;0;20260330;100344;2795.44;392.721718
IMOEX;0;20260330;100345;2795.41;478.960153
IMOEX;0;20260330;100346;2795.48;503.946013
IMOEX;0;20260330;100347;2795.58;449.950636
IMOEX;0;20260330;100348;2795.67;149.338084
IMOEX;0;20260330;100349;2795.65;31.539713
IMOEX;0;20260330;100350;2795.69;565.66286
IMOEX;0;20260330;100351;2795.73;60.193939
IMOEX;0;20260330;100352;2795.68;10.393178
IMOEX;0;20260330;100353;2795.71;7.314063
IMOEX;0;20260330;100354;2795.72;51.534488
IMOEX;0;20260330;100355;2795.77;287.995078
IMOEX;0;20260330;100356;2795.77;50.928367
IMOEX;0;20260330;100357;2795.49;1258.993236
IMOEX;0;20260330;100358;2795.56;104.07861
IMOEX;0;20260330;100359;2795.65;27.377175
IMOEX;0;20260330;100400;2795.7;49.669135
IMOEX;0;20260330;100401;2795.63;10.53716
IMOEX;0;20260330;100402;2795.66;60.54277
IMOEX;0;20260330;100403;2795.76;390.30067
IMOEX;0;20260330;100404;2795.78;218.885606
IMOEX;0;20260330;100405;2795.78;244.055684
IMOEX;0;20260330;100406;2795.76;110.512705
IMOEX;0;20260330;100407;2795.73;161.563885
IMOEX;0;20260330;100408;2795.77;867.749493
IMOEX;0;20260330;100409;2795.78;2.594625
IMOEX;0;20260330;100410;2795.79;511.726918
IMOEX;0;20260330;100411;2795.51;719.272333
IMOEX;0;20260330;100412;2795.51;71.438843
IMOEX;0;20260330;100413;2795.54;320.076622
IMOEX;0;20260330;100414;2795.57;17.681904
IMOEX;0;20260330;100415;2795.74;328.325595
IMOEX;0;20260330;100416;2795.75;515.103282
IMOEX;0;20260330;100417;2795.75;1497.195744
IMOEX;0;20260330;100418;2795.75;51.546097
IMOEX;0;20260330;100419;2795.79;28.212777
IMOEX;0;20260330;100420;2795.76;77.704452
IMOEX;0;20260330;100421;2795.9;254.204371
IMOEX;0;20260330;100422;2795.9;181.469294
IMOEX;0;20260330;100423;2795.9;11.544762
IMOEX;0;20260330;100424;2795.91;315.930055
IMOEX;0;20260330;100425;2795.98;463.005458
IMOEX;0;20260330;100426;2795.9;265.897922
IMOEX;0;20260330;100427;2795.84;558.133155
IMOEX;0;20260330;100428;2795.93;263.851026
IMOEX;0;20260330;100429;2795.97;1620.612167
IMOEX;0;20260330;100430;2795.97;317.694038
IMOEX;0;20260330;100431;2796.02;167.09859
IMOEX;0;20260330;100432;2796.03;129.16385
IMOEX;0;20260330;100433;2796.07;197.356289
IMOEX;0;20260330;100434;2795.96;2491.453025
IMOEX;0;20260330;100435;2795.95;334.482734
IMOEX;0;20260330;100436;2796.14;117.850322
IMOEX;0;20260330;100437;2796.2;153.185394
IMOEX;0;20260330;100438;2796.23;35.687336
IMOEX;0;20260330;100439;2796.28;11.325046
IMOEX;0;20260330;100440;2796.17;704.132796
IMOEX;0;20260330;100441;2796.17;143.25202
IMOEX;0;20260330;100442;2796.26;397.98302
IMOEX;0;20260330;100443;2796.27;385.48495
IMOEX;0;20260330;100444;2796.36;123.293138
IMOEX;0;20260330;100445;2796.4;82.052282
IMOEX;0;20260330;100446;2796.47;58.974707
IMOEX;0;20260330;100447;2796.52;54.61967
IMOEX;0;20260330;100448;2796.51;161.686173
IMOEX;0;20260330;100449;2796.61;127.342747
IMOEX;0;20260330;100450;2796.57;22.875165
IMOEX;0;20260330;100451;2796.36;698.346422
IMOEX;0;20260330;100452;2796.34;372.495476
IMOEX;0;20260330;100453;2796.24;1517.231711
IMOEX;0;20260330;100454;2796.33;188.619011
IMOEX;0;20260330;100455;2796.54;426.785242
IMOEX;0;20260330;100456;2796.53;224.64304
IMOEX;0;20260330;100457;2796.51;58.244741
IMOEX;0;20260330;100458;2796.54;547.029186
IMOEX;0;20260330;100459;2796.54;124.336502
IMOEX;0;20260330;100500;2796.61;54.941161
IMOEX;0;20260330;100501;2796.46;419.939495
IMOEX;0;20260330;100502;2796.48;122.308044
IMOEX;0;20260330;100503;2796.56;347.816246
IMOEX;0;20260330;100504;2796.56;109.827073
IMOEX;0;20260330;100505;2796.72;71.929618
IMOEX;0;20260330;100506;2796.7;154.703043
IMOEX;0;20260330;100507;2796.68;859.248466
IMOEX;0;20260330;100508;2796.62;126.436198
IMOEX;0;20260330;100509;2796.7;896.691815
IMOEX;0;20260330;100510;2796.7;107.647227
IMOEX;0;20260330;100511;2796.74;406.982058
IMOEX;0;20260330;100512;2796.77;597.379119
IMOEX;0;20260330;100513;2796.8;789.688215
IMOEX;0;20260330;100514;2796.9;1281.885659
IMOEX;0;20260330;100515;2796.8;823.659539
IMOEX;0;20260330;100516;2796.79;141.523675
IMOEX;0;20260330;100517;2796.31;1811.395732
IMOEX;0;20260330;100518;2796.33;330.867601
IMOEX;0;20260330;100519;2796.34;213.137172
IMOEX;0;20260330;100520;2795.94;1967.294363
IMOEX;0;20260330;100521;2795.95;74.795687
IMOEX;0;20260330;100522;2796.06;238.161556
IMOEX;0;20260330;100523;2796.06;32.788281
IMOEX;0;20260330;100524;2796.09;20.256501
IMOEX;0;20260330;100525;2795.95;678.823298
IMOEX;0;20260330;100526;2795.99;362.41224
IMOEX;0;20260330;100527;2796.03;1000.211729
IMOEX;0;20260330;100528;2796.04;623.269338
IMOEX;0;20260330;100529;2796.15;212.961393
IMOEX;0;20260330;100530;2796.3;1790.14698
IMOEX;0;20260330;100531;2796.43;162.508627
IMOEX;0;20260330;100532;2796.43;217.534142
IMOEX;0;20260330;100533;2796.46;324.056843
IMOEX;0;20260330;100534;2796.53;181.272506
IMOEX;0;20260330;100535;2796.86;359.394821
IMOEX;0;20260330;100536;2796.82;263.909726
IMOEX;0;20260330;100537;2796.86;54.062413
IMOEX;0;20260330;100538;2796.89;84.487413
IMOEX;0;20260330;100539;2796.89;801.370093
IMOEX;0;20260330;100540;2796.96;154.424447
IMOEX;0;20260330;100541;2797.03;72.19801
IMOEX;0;20260330;100542;2797.05;742.621333
IMOEX;0;20260330;100543;2797.1;403.829323
IMOEX;0;20260330;100544;2797.09;29.903221
IMOEX;0;20260330;100545;2797.18;15.785899
IMOEX;0;20260330;100546;2797.12;270.273353
IMOEX;0;20260330;100547;2797.12;35.239103
IMOEX;0;20260330;100548;2797.1;153.241214
IMOEX;0;20260330;100549;2797.2;288.443086
IMOEX;0;20260330;100550;2797.26;33.226801
IMOEX;0;20260330;100551;2797.29;119.409142
IMOEX;0;20260330;100552;2797.43;213.978545
IMOEX;0;20260330;100553;2797.29;272.004333
IMOEX;0;20260330;100554;2796.28;1495.648147
IMOEX;0;20260330;100555;2796.45;353.300792
IMOEX;0;20260330;100556;2796.51;283.715417
IMOEX;0;20260330;100557;2796.54;64.133536
IMOEX;0;20260330;100558;2796.49;240.617703
IMOEX;0;20260330;100559;2796.39;162.303184
IMOEX;0;20260330;100600;2796.32;418.29011
IMOEX;0;20260330;100601;2796.25;212.993473
IMOEX;0;20260330;100602;2796.28;176.710129
IMOEX;0;20260330;100603;2796.08;347.883823
IMOEX;0;20260330;100604;2796.07;481.29446
IMOEX;0;20260330;100605;2796.09;1062.300927
IMOEX;0;20260330;100606;2795.73;918.052172
IMOEX;0;20260330;100607;2795.87;145.79004
IMOEX;0;20260330;100608;2795.59;602.53578
IMOEX;0;20260330;100609;2795.61;113.998734
IMOEX;0;20260330;100610;2795.67;281.873755
IMOEX;0;20260330;100611;2795.66;408.078951
IMOEX;0;20260330;100612;2795.74;273.704279
IMOEX;0;20260330;100613;2795.79;100.58445
IMOEX;0;20260330;100614;2795.35;1739.478062
IMOEX;0;20260330;100615;2795.43;458.293357
IMOEX;0;20260330;100616;2794.83;2757.303664
IMOEX;0;20260330;100617;2794.88;587.117515
IMOEX;0;20260330;100618;2794.83;874.743723
IMOEX;0;20260330;100619;2794.43;3971.924507
IMOEX;0;20260330;100620;2794.37;1218.753064
IMOEX;0;20260330;100621;2794.25;1494.811846
IMOEX;0;20260330;100622;2794.13;793.70287
IMOEX;0;20260330;100623;2794.2;116.58328
IMOEX;0;20260330;100624;2794.24;50.683549
IMOEX;0;20260330;100625;2794.27;123.020682
IMOEX;0;20260330;100626;2794.27;132.001918
IMOEX;0;20260330;100628;2794.28;1271.079849
IMOEX;0;20260330;100629;2794.29;16.419198
IMOEX;0;20260330;100630;2794.15;1161.174239
IMOEX;0;20260330;100631;2794.17;501.504203
IMOEX;0;20260330;100632;2794.22;1519.036797
IMOEX;0;20260330;100633;2794.26;230.692563
IMOEX;0;20260330;100634;2794.31;101.052138
IMOEX;0;20260330;100635;2794.53;983.686702
IMOEX;0;20260330;100636;2794.59;70.956741
IMOEX;0;20260330;100637;2794.53;2732.290224
IMOEX;0;20260330;100638;2794.53;474.335935
IMOEX;0;20260330;100639;2794.55;155.54991
IMOEX;0;20260330;100640;2794.56;869.572312
IMOEX;0;20260330;100641;2794.58;688.778278
IMOEX;0;20260330;100642;2794.4;852.360077
IMOEX;0;20260330;100643;2794.4;195.891068
IMOEX;0;20260330;100644;2794.45;274.62685
IMOEX;0;20260330;100645;2794.43;1063.539255
IMOEX;0;20260330;100646;2794.34;483.497713
IMOEX;0;20260330;100647;2794.41;107.248399
IMOEX;0;20260330;100648;2794.46;154.187929
IMOEX;0;20260330;100649;2794.46;321.456739
IMOEX;0;20260330;100650;2794.6;392.209261
IMOEX;0;20260330;100651;2794.57;54.231957
IMOEX;0;20260330;100652;2794.61;1405.399322
IMOEX;0;20260330;100653;2794.71;330.199913
IMOEX;0;20260330;100654;2794.72;33.018335
IMOEX;0;20260330;100655;2794.8;671.651997
IMOEX;0;20260330;100656;2794.81;215.683714
IMOEX;0;20260330;100657;2794.74;157.741328
IMOEX;0;20260330;100658;2794.77;93.162228
IMOEX;0;20260330;100659;2794.86;107.516656
IMOEX;0;20260330;100700;2794.81;1115.104068
IMOEX;0;20260330;100701;2794.75;79.103677
IMOEX;0;20260330;100702;2794.85;111.823533
IMOEX;0;20260330;100703;2794.87;39.112732
IMOEX;0;20260330;100704;2794.95;428.983703
IMOEX;0;20260330;100705;2794.96;144.746973
IMOEX;0;20260330;100706;2795.02;470.369085
IMOEX;0;20260330;100707;2795.08;104.43744
IMOEX;0;20260330;100708;2795.06;604.153399
IMOEX;0;20260330;100709;2794.99;85.221414
IMOEX;0;20260330;100710;2794.46;849.665767
IMOEX;0;20260330;100711;2794.49;105.06282
IMOEX;0;20260330;100712;2794.28;344.652648
IMOEX;0;20260330;100713;2794.26;394.781087
IMOEX;0;20260330;100714;2794.27;34.115171
IMOEX;0;20260330;100715;2794.44;409.356078
IMOEX;0;20260330;100716;2794.48;207.475452
IMOEX;0;20260330;100717;2794.53;219.419724
IMOEX;0;20260330;100718;2794.6;93.835254
IMOEX;0;20260330;100719;2794.6;212.780004
IMOEX;0;20260330;100720;2794.5;2046.676329
IMOEX;0;20260330;100721;2794.63;3686.256141
IMOEX;0;20260330;100722;2794.62;252.514474
IMOEX;0;20260330;100723;2794.63;318.122614
IMOEX;0;20260330;100724;2794.63;34.592773
IMOEX;0;20260330;100725;2794.65;110.440306
IMOEX;0;20260330;100726;2794.57;1291.96549
IMOEX;0;20260330;100727;2794.58;67.096666
IMOEX;0;20260330;100728;2794.56;179.77857
IMOEX;0;20260330;100729;2794.54;254.556027
IMOEX;0;20260330;100730;2794.55;73.030363
IMOEX;0;20260330;100731;2794.58;19.513487
IMOEX;0;20260330;100732;2794.75;315.170946
IMOEX;0;20260330;100733;2794.75;96.723499
IMOEX;0;20260330;100734;2794.71;25.449152
IMOEX;0;20260330;100735;2794.76;76.452719
IMOEX;0;20260330;100736;2794.77;80.474243
IMOEX;0;20260330;100737;2794.77;20.370191
IMOEX;0;20260330;100738;2794.83;403.472483
IMOEX;0;20260330;100739;2794.8;6.045871
IMOEX;0;20260330;100740;2794.6;1475.222214
IMOEX;0;20260330;100741;2794.6;0
IMOEX;0;20260330;100742;2794.6;289.758463
IMOEX;0;20260330;100743;2794.57;366.809205
IMOEX;0;20260330;100744;2794.53;15.673119
IMOEX;0;20260330;100745;2794.56;845.461182
IMOEX;0;20260330;100746;2794.62;523.797153
IMOEX;0;20260330;100747;2794.6;2630.666285
IMOEX;0;20260330;100748;2794.68;24.562025
IMOEX;0;20260330;100749;2794.67;365.459607
IMOEX;0;20260330;100750;2794.62;1992.412206
IMOEX;0;20260330;100751;2794.61;1542.651032
IMOEX;0;20260330;100752;2794.65;150.605264
IMOEX;0;20260330;100753;2794.65;26.149607
IMOEX;0;20260330;100754;2794.66;104.591256
IMOEX;0;20260330;100755;2794.63;118.80893
IMOEX;0;20260330;100756;2794.64;100.600435
IMOEX;0;20260330;100757;2794.63;106.888926
IMOEX;0;20260330;100758;2794.73;137.624028
IMOEX;0;20260330;100759;2794.59;85.476582
IMOEX;0;20260330;100800;2794.54;827.096052
IMOEX;0;20260330;100801;2794.55;121.198762
IMOEX;0;20260330;100802;2794.55;106.937432
IMOEX;0;20260330;100803;2794.76;3.324436
IMOEX;0;20260330;100804;2794.77;6.715043
IMOEX;0;20260330;100805;2794.82;84.025089
IMOEX;0;20260330;100806;2794.82;31.484317
IMOEX;0;20260330;100807;2794.73;372.640649
IMOEX;0;20260330;100808;2794.73;54.072129
IMOEX;0;20260330;100809;2794.69;24.688248
IMOEX;0;20260330;100810;2794.69;23.432653
IMOEX;0;20260330;100811;2794.68;85.107061
IMOEX;0;20260330;100812;2794.68;80.465384
IMOEX;0;20260330;100813;2794.67;27.990425
IMOEX;0;20260330;100814;2794.62;167.660004
IMOEX;0;20260330;100815;2794.68;427.760602
IMOEX;0;20260330;100816;2794.71;432.354341
IMOEX;0;20260330;100817;2794.67;44.179098
IMOEX;0;20260330;100818;2794.7;577.773285
IMOEX;0;20260330;100819;2794.71;60.012667
IMOEX;0;20260330;100820;2794.57;3010.257034
IMOEX;0;20260330;100821;2794.62;214.536502
IMOEX;0;20260330;100822;2794.65;38.411966
IMOEX;0;20260330;100823;2794.66;91.327031
IMOEX;0;20260330;100824;2794.33;283.479403
IMOEX;0;20260330;100825;2794.39;262.075444
IMOEX;0;20260330;100826;2794.37;351.768735
IMOEX;0;20260330;100827;2794.27;650.665827
IMOEX;0;20260330;100828;2793.9;946.777623
IMOEX;0;20260330;100829;2793.94;397.777332
IMOEX;0;20260330;100830;2793.95;44.444246
IMOEX;0;20260330;100831;2793.98;31.736448
IMOEX;0;20260330;100832;2793.97;218.033121
IMOEX;0;20260330;100833;2794.07;352.805406
IMOEX;0;20260330;100834;2794.2;36.391812
IMOEX;0;20260330;100835;2794.32;127.62461
IMOEX;0;20260330;100836;2794.36;141.376558
IMOEX;0;20260330;100837;2794.15;112.309289
IMOEX;0;20260330;100838;2794.39;299.400227
IMOEX;0;20260330;100839;2794.33;347.101094
IMOEX;0;20260330;100840;2794.12;684.692855
IMOEX;0;20260330;100841;2794.14;139.468674
IMOEX;0;20260330;100842;2794.17;1327.542705
IMOEX;0;20260330;100843;2794.3;2518.741366
IMOEX;0;20260330;100844;2794.23;374.730069
IMOEX;0;20260330;100845;2794.31;350.290412
IMOEX;0;20260330;100846;2794.23;265.367561
IMOEX;0;20260330;100847;2794.27;187.545942
IMOEX;0;20260330;100848;2794.26;57.881514
IMOEX;0;20260330;100849;2794.23;453.558225
IMOEX;0;20260330;100850;2794.22;1053.36695
IMOEX;0;20260330;100851;2794.25;204.394023
IMOEX;0;20260330;100852;2794.29;726.208804
IMOEX;0;20260330;100853;2794.27;305.17917
IMOEX;0;20260330;100854;2794.28;656.914482
IMOEX;0;20260330;100855;2794.38;708.601908
IMOEX;0;20260330;100856;2793.93;544.373696
IMOEX;0;20260330;100857;2794.1;2096.352672
IMOEX;0;20260330;100858;2794.12;214.603882
IMOEX;0;20260330;100859;2794.14;200.0204
IMOEX;0;20260330;100900;2794.14;666.815908
IMOEX;0;20260330;100901;2794.13;100.337493
IMOEX;0;20260330;100902;2794.11;226.85721
IMOEX;0;20260330;100903;2794.12;166.286702
IMOEX;0;20260330;100904;2794.14;323.291961
IMOEX;0;20260330;100905;2794.12;286.24898
IMOEX;0;20260330;100906;2794.12;206.034816
IMOEX;0;20260330;100907;2794.07;134.833057
IMOEX;0;20260330;100908;2794.07;396.812177
IMOEX;0;20260330;100909;2794;1048.780601
IMOEX;0;20260330;100910;2793.15;4873.446109
IMOEX;0;20260330;100911;2792.96;4285.681499
IMOEX;0;20260330;100912;2792.71;3350.809787
IMOEX;0;20260330;100913;2792.75;69.364247
IMOEX;0;20260330;100914;2792.78;1129.887424
IMOEX;0;20260330;100915;2792.85;1069.496035
IMOEX;0;20260330;100916;2792.72;313.364748
IMOEX;0;20260330;100917;2792.58;12065.652909
IMOEX;0;20260330;100918;2792.51;1528.868294
IMOEX;0;20260330;100919;2792.31;5470.767214
IMOEX;0;20260330;100920;2792.44;1340.815559
IMOEX;0;20260330;100921;2792.37;550.150231
IMOEX;0;20260330;100922;2792.39;168.90155
IMOEX;0;20260330;100923;2792.38;180.831764
IMOEX;0;20260330;100924;2792.36;686.570858
IMOEX;0;20260330;100925;2792.21;1052.896093
IMOEX;0;20260330;100926;2792.18;1651.77245
IMOEX;0;20260330;100927;2792.08;1541.695797
IMOEX;0;20260330;100928;2792.12;1770.053579
IMOEX;0;20260330;100929;2792.07;563.010598
IMOEX;0;20260330;100930;2792.09;166.376442
IMOEX;0;20260330;100931;2792.27;1037.078793
IMOEX;0;20260330;100932;2792.23;3394.88151
IMOEX;0;20260330;100933;2792.14;869.823505
IMOEX;0;20260330;100934;2792.11;2646.112438
IMOEX;0;20260330;100935;2792.2;2489.012248
IMOEX;0;20260330;100936;2792.16;1252.624133
IMOEX;0;20260330;100937;2792.09;350.932814
IMOEX;0;20260330;100938;2792.19;1475.565775
IMOEX;0;20260330;100939;2792.18;266.197022
IMOEX;0;20260330;100940;2792.26;569.056248
IMOEX;0;20260330;100941;2792.32;499.767219
IMOEX;0;20260330;100942;2792.4;672.594184
IMOEX;0;20260330;100943;2792.33;629.41522
IMOEX;0;20260330;100944;2792.3;283.629624
IMOEX;0;20260330;100945;2792.26;618.32315
IMOEX;0;20260330;100946;2792.32;147.026845
IMOEX;0;20260330;100947;2792.35;450.618655
IMOEX;0;20260330;100948;2792.23;20179.822221
IMOEX;0;20260330;100949;2792.25;256.879219
IMOEX;0;20260330;100950;2792.24;481.304258
IMOEX;0;20260330;100951;2792.28;95.399459
IMOEX;0;20260330;100952;2792.49;8719.219406
IMOEX;0;20260330;100953;2792.47;298.829352
IMOEX;0;20260330;100954;2792.49;113.531293
IMOEX;0;20260330;100955;2792.6;303.906037
IMOEX;0;20260330;100956;2792.6;550.133567
IMOEX;0;20260330;100957;2792.57;1198.382852
IMOEX;0;20260330;100958;2792.57;2815.744279
IMOEX;0;20260330;100959;2792.61;103.965466
IMOEX;0;20260330;101000;2792.65;901.889603
IMOEX;0;20260330;101001;2792.7;339.732517
IMOEX;0;20260330;101002;2792.64;322.552495
IMOEX;0;20260330;101003;2792.64;803.145411
IMOEX;0;20260330;101004;2792.64;234.766028
IMOEX;0;20260330;101005;2792.61;520.921647
IMOEX;0;20260330;101006;2792.67;106.389226
IMOEX;0;20260330;101007;2792.61;271.993225
IMOEX;0;20260330;101008;2792.73;154.110494
IMOEX;0;20260330;101009;2792.74;472.460379
IMOEX;0;20260330;101010;2792.76;153.904739
IMOEX;0;20260330;101011;2792.73;164.500686
IMOEX;0;20260330;101012;2792.68;2016.587651
IMOEX;0;20260330;101013;2792.61;243.234465
IMOEX;0;20260330;101014;2792.58;815.503226
IMOEX;0;20260330;101015;2792.73;253.24181
IMOEX;0;20260330;101016;2792.75;478.495032
IMOEX;0;20260330;101017;2792.95;6424.627365
IMOEX;0;20260330;101018;2792.99;1057.371849
IMOEX;0;20260330;101019;2792.93;293.221098
IMOEX;0;20260330;101020;2792.89;314.189603
IMOEX;0;20260330;101021;2792.95;192.182459
IMOEX;0;20260330;101022;2792.97;523.329287
IMOEX;0;20260330;101023;2792.95;182.516336
IMOEX;0;20260330;101024;2792.98;76.743836
IMOEX;0;20260330;101025;2792.97;100.335843
IMOEX;0;20260330;101026;2792.99;137.464509
IMOEX;0;20260330;101027;2792.98;612.911657
IMOEX;0;20260330;101028;2792.93;310.240142
IMOEX;0;20260330;101029;2793.01;312.777613
IMOEX;0;20260330;101030;2793.12;2557.64235
IMOEX;0;20260330;101031;2793.13;139.631883
IMOEX;0;20260330;101032;2793.15;498.00333
IMOEX;0;20260330;101033;2793.21;65.85792
IMOEX;0;20260330;101034;2793.24;390.95996
IMOEX;0;20260330;101035;2793.47;662.363655
IMOEX;0;20260330;101036;2793.44;84.028295
IMOEX;0;20260330;101037;2793.44;140.353829
IMOEX;0;20260330;101038;2793.36;1505.864622
IMOEX;0;20260330;101039;2793.47;2257.017258
IMOEX;0;20260330;101040;2793.41;3849.671906
IMOEX;0;20260330;101041;2793.41;807.166152
IMOEX;0;20260330;101042;2793.36;201.944612
IMOEX;0;20260330;101043;2793.41;32.805066
IMOEX;0;20260330;101044;2793.43;20.006229
IMOEX;0;20260330;101045;2793.44;316.318589
IMOEX;0;20260330;101046;2793.44;97.927287
IMOEX;0;20260330;101047;2793.47;347.48467
IMOEX;0;20260330;101048;2793.49;221.628501
IMOEX;0;20260330;101049;2793.47;273.404404
IMOEX;0;20260330;101050;2793.45;283.58732
IMOEX;0;20260330;101051;2793.51;55.21047
IMOEX;0;20260330;101052;2793.53;635.760847
IMOEX;0;20260330;101053;2793.49;58.85899
IMOEX;0;20260330;101054;2793.54;70.914682
IMOEX;0;20260330;101055;2793.63;177.667766
IMOEX;0;20260330;101056;2793.72;369.203786
IMOEX;0;20260330;101057;2793.67;66.380424
IMOEX;0;20260330;101058;2793.67;732.22929
IMOEX;0;20260330;101059;2793.63;146.499715
IMOEX;0;20260330;101100;2793.67;661.033694
IMOEX;0;20260330;101101;2793.63;573.098442
IMOEX;0;20260330;101102;2793.59;270.207153
IMOEX;0;20260330;101103;2792.95;1126.673947
IMOEX;0;20260330;101104;2793.07;396.449427
IMOEX;0;20260330;101105;2793.09;305.841559
IMOEX;0;20260330;101106;2793.11;544.266069
IMOEX;0;20260330;101107;2793.09;1065.65381
IMOEX;0;20260330;101108;2793.16;191.127612
IMOEX;0;20260330;101109;2793.2;1936.257339
IMOEX;0;20260330;101110;2793.18;375.726949
IMOEX;0;20260330;101111;2793.23;212.199497
IMOEX;0;20260330;101112;2793.27;171.205433
IMOEX;0;20260330;101113;2793.18;1061.514833
IMOEX;0;20260330;101114;2793.27;643.545021
IMOEX;0;20260330;101115;2793.38;481.42358
IMOEX;0;20260330;101116;2793.39;128.099191
IMOEX;0;20260330;101117;2792.96;1622.76975
IMOEX;0;20260330;101118;2793.01;272.276863
IMOEX;0;20260330;101119;2793.13;668.684594
IMOEX;0;20260330;101120;2793.12;278.221845
IMOEX;0;20260330;101121;2793.3;32.191673
IMOEX;0;20260330;101122;2793.23;239.956967
IMOEX;0;20260330;101123;2793.18;50.382002
IMOEX;0;20260330;101124;2793.19;461.295508
IMOEX;0;20260330;101125;2793.22;285.022304
IMOEX;0;20260330;101126;2793.17;292.712581
IMOEX;0;20260330;101127;2793.16;141.183462
IMOEX;0;20260330;101128;2793.31;332.46292
IMOEX;0;20260330;101129;2793.29;298.371812
IMOEX;0;20260330;101130;2793.28;153.591477
IMOEX;0;20260330;101131;2793.33;841.705778
IMOEX;0;20260330;101132;2793.32;208.164836
IMOEX;0;20260330;101133;2793.39;901.660348
IMOEX;0;20260330;101134;2793.33;2746.574161
IMOEX;0;20260330;101135;2793.27;1040.383135
IMOEX;0;20260330;101136;2793.28;608.34646
IMOEX;0;20260330;101137;2793.34;355.376717
IMOEX;0;20260330;101138;2793.35;29.433118
IMOEX;0;20260330;101139;2793.41;434.692365
IMOEX;0;20260330;101140;2793.38;2073.805569
IMOEX;0;20260330;101141;2793.42;328.126454
IMOEX;0;20260330;101142;2793.52;696.949011
IMOEX;0;20260330;101143;2793.54;369.647472
IMOEX;0;20260330;101144;2793.54;572.536638
IMOEX;0;20260330;101145;2793.56;320.349661
IMOEX;0;20260330;101146;2793.6;262.982532
IMOEX;0;20260330;101147;2793.63;175.717257
IMOEX;0;20260330;101148;2793.64;467.664767
IMOEX;0;20260330;101149;2793.56;213.315268
IMOEX;0;20260330;101150;2793.53;1.542851
IMOEX;0;20260330;101151;2793.6;84.248282
IMOEX;0;20260330;101152;2793.67;184.368948
IMOEX;0;20260330;101153;2793.57;188.294548
IMOEX;0;20260330;101154;2793.56;498.02868
IMOEX;0;20260330;101155;2793.57;210.104991
IMOEX;0;20260330;101156;2793.72;192.768781
IMOEX;0;20260330;101157;2793.7;23.5938
IMOEX;0;20260330;101158;2793.82;384.445311
IMOEX;0;20260330;101159;2793.79;84.878248
IMOEX;0;20260330;101200;2793.65;549.354787
IMOEX;0;20260330;101201;2793.64;133.959637
IMOEX;0;20260330;101202;2793.38;614.765266
IMOEX;0;20260330;101203;2793.43;137.666954
IMOEX;0;20260330;101204;2793.44;138.207014
IMOEX;0;20260330;101205;2793.47;3228.023927
IMOEX;0;20260330;101206;2793.47;33.92519
IMOEX;0;20260330;101207;2793.46;234.880399
IMOEX;0;20260330;101208;2793.46;115.680912
IMOEX;0;20260330;101209;2793.47;347.619269
IMOEX;0;20260330;101210;2793.48;106.828042
IMOEX;0;20260330;101211;2793.47;111.199333
IMOEX;0;20260330;101212;2793.45;369.556283
IMOEX;0;20260330;101213;2793.45;707.760654
IMOEX;0;20260330;101214;2793.47;485.378758
IMOEX;0;20260330;101215;2793.51;60.3574
IMOEX;0;20260330;101216;2793.5;70.22445
IMOEX;0;20260330;101217;2793.49;100.930735
IMOEX;0;20260330;101218;2793.51;77.566932
IMOEX;0;20260330;101219;2793.53;68.510809
IMOEX;0;20260330;101220;2793.55;670.135491
IMOEX;0;20260330;101221;2793.52;47.624502
IMOEX;0;20260330;101222;2793.51;57.570225
IMOEX;0;20260330;101223;2793.56;220.747004
IMOEX;0;20260330;101224;2793.54;280.969308
IMOEX;0;20260330;101225;2793.6;866.228164
IMOEX;0;20260330;101226;2793.6;55.555914
IMOEX;0;20260330;101227;2793.53;326.019409
IMOEX;0;20260330;101228;2793.53;51.928564
IMOEX;0;20260330;101229;2793.52;525.396274
IMOEX;0;20260330;101230;2793.53;651.311065
IMOEX;0;20260330;101231;2793.51;957.136362
IMOEX;0;20260330;101232;2793.55;240.06336
IMOEX;0;20260330;101233;2793.53;213.71061
IMOEX;0;20260330;101234;2793.48;230.120495
IMOEX;0;20260330;101235;2793.59;179.154421
IMOEX;0;20260330;101236;2793.61;140.671389
IMOEX;0;20260330;101237;2793.62;233.484511
IMOEX;0;20260330;101238;2793.63;178.187519
IMOEX;0;20260330;101239;2793.62;390.030498
IMOEX;0;20260330;101240;2793.62;380.823448
IMOEX;0;20260330;101241;2793.57;152.844568
IMOEX;0;20260330;101242;2793.64;1035.818502
IMOEX;0;20260330;101243;2793.63;961.384292
IMOEX;0;20260330;101244;2793.71;959.817948
IMOEX;0;20260330;101245;2793.68;884.501446
IMOEX;0;20260330;101246;2793.72;797.536976
IMOEX;0;20260330;101247;2793.69;648.18967
IMOEX;0;20260330;101248;2793.65;2262.524296
IMOEX;0;20260330;101249;2793.64;428.56023
IMOEX;0;20260330;101250;2793.67;292.252127
IMOEX;0;20260330;101251;2793.63;111.817599
IMOEX;0;20260330;101252;2793.65;392.538793
IMOEX;0;20260330;101253;2793.78;912.212128
IMOEX;0;20260330;101254;2793.75;349.593557
IMOEX;0;20260330;101255;2793.73;95.585114
IMOEX;0;20260330;101256;2793.76;180.846601
IMOEX;0;20260330;101257;2793.78;162.193874
IMOEX;0;20260330;101258;2793.7;214.9268
IMOEX;0;20260330;101259;2792.91;765.243778
IMOEX;0;20260330;101300;2792.86;1766.781364
IMOEX;0;20260330;101301;2792.9;1213.867664
IMOEX;0;20260330;101302;2792.9;8391.138243
IMOEX;0;20260330;101303;2792.96;882.774189
IMOEX;0;20260330;101304;2792.98;219.614534
IMOEX;0;20260330;101305;2792.96;261.83225
IMOEX;0;20260330;101306;2793;569.24096
IMOEX;0;20260330;101307;2792.92;870.060367
IMOEX;0;20260330;101308;2792.89;127.488014
IMOEX;0;20260330;101309;2792.95;1156.779033
IMOEX;0;20260330;101310;2792.97;47.999799
IMOEX;0;20260330;101311;2792.94;412.236926
IMOEX;0;20260330;101312;2792.97;181.401161
IMOEX;0;20260330;101313;2792.95;328.726973
IMOEX;0;20260330;101314;2792.92;493.775332
IMOEX;0;20260330;101315;2792.98;358.087777
IMOEX;0;20260330;101316;2792.97;96.932656
IMOEX;0;20260330;101317;2792.99;1512.8332
IMOEX;0;20260330;101318;2793.01;96.491599
IMOEX;0;20260330;101319;2792.93;209.381187
IMOEX;0;20260330;101320;2792.92;601.48411
IMOEX;0;20260330;101321;2792.92;55.355685
IMOEX;0;20260330;101322;2792.6;750.24923
IMOEX;0;20260330;101323;2792.76;406.288045
IMOEX;0;20260330;101324;2792.77;80.800424
IMOEX;0;20260330;101325;2792.76;103.795528
IMOEX;0;20260330;101326;2792.47;4730.361293
IMOEX;0;20260330;101327;2792.5;914.383885
IMOEX;0;20260330;101328;2792.35;344.423156
IMOEX;0;20260330;101329;2792.43;104.156595
IMOEX;0;20260330;101330;2792.51;99.866787
IMOEX;0;20260330;101331;2792.49;165.123957
IMOEX;0;20260330;101332;2792.53;610.567478
IMOEX;0;20260330;101333;2792.59;235.672261
IMOEX;0;20260330;101334;2792.53;171.14373
IMOEX;0;20260330;101335;2792.56;1307.233506
IMOEX;0;20260330;101336;2792.55;400.011459
IMOEX;0;20260330;101337;2792.45;1023.824957
IMOEX;0;20260330;101338;2792.47;146.226817
IMOEX;0;20260330;101339;2792.5;447.067502
IMOEX;0;20260330;101340;2792.51;687.953132
IMOEX;0;20260330;101341;2792.53;27.751537
IMOEX;0;20260330;101342;2792.53;223.564653
IMOEX;0;20260330;101343;2792.55;819.019176
IMOEX;0;20260330;101344;2792.51;4284.731299
IMOEX;0;20260330;101345;2792.48;155.929854
IMOEX;0;20260330;101346;2792.46;453.531295
IMOEX;0;20260330;101347;2792.55;586.713219
IMOEX;0;20260330;101348;2792.55;701.071422
IMOEX;0;20260330;101349;2792.53;293.669898
IMOEX;0;20260330;101350;2792.43;800.479511
IMOEX;0;20260330;101351;2792.46;89.779621
IMOEX;0;20260330;101352;2792.45;145.926695
IMOEX;0;20260330;101353;2792.37;366.948148
IMOEX;0;20260330;101354;2792.4;659.300602
IMOEX;0;20260330;101355;2792.36;57.995387
IMOEX;0;20260330;101356;2792.37;277.544523
IMOEX;0;20260330;101357;2792.35;116.737515
IMOEX;0;20260330;101358;2792.38;57.26298
IMOEX;0;20260330;101359;2792.38;26.286179
IMOEX;0;20260330;101400;2792.51;3334.093343
IMOEX;0;20260330;101401;2792.53;240.561784
IMOEX;0;20260330;101402;2792.56;15.028862
IMOEX;0;20260330;101403;2792.56;1186.455439
IMOEX;0;20260330;101404;2792.5;71.417726
IMOEX;0;20260330;101405;2792.43;215.725014
IMOEX;0;20260330;101406;2792.42;349.850667
IMOEX;0;20260330;101407;2792.43;454.39062
IMOEX;0;20260330;101408;2792.43;142.788539
IMOEX;0;20260330;101409;2792.45;427.484467
IMOEX;0;20260330;101410;2792.43;1188.722367
IMOEX;0;20260330;101411;2792.48;36.839297
IMOEX;0;20260330;101412;2792.46;247.503277
IMOEX;0;20260330;101413;2792.45;324.25218
IMOEX;0;20260330;101414;2792.52;798.588014
IMOEX;0;20260330;101415;2792.58;1045.840406
IMOEX;0;20260330;101416;2792.61;157.174829
IMOEX;0;20260330;101417;2792.68;96.29997
IMOEX;0;20260330;101418;2792.63;724.117051
IMOEX;0;20260330;101419;2792.57;3486.409651
IMOEX;0;20260330;101420;2792.57;357.401605
IMOEX;0;20260330;101421;2792.57;1047.475265
IMOEX;0;20260330;101422;2792.6;201.026284
IMOEX;0;20260330;101423;2792.55;349.130365
IMOEX;0;20260330;101424;2792.62;593.317028
IMOEX;0;20260330;101425;2792.65;34.935993
IMOEX;0;20260330;101426;2792.61;117.373353
IMOEX;0;20260330;101427;2792.6;357.822101
IMOEX;0;20260330;101428;2792.63;967.463645
IMOEX;0;20260330;101429;2792.64;135.290621
IMOEX;0;20260330;101430;2792.67;832.784396
IMOEX;0;20260330;101431;2792.62;508.301165
IMOEX;0;20260330;101432;2792.55;218.171206
IMOEX;0;20260330;101433;2792.59;67.769705
IMOEX;0;20260330;101434;2792.55;28.251598
IMOEX;0;20260330;101435;2792.6;175.230251
IMOEX;0;20260330;101436;2792.6;2603.174461
IMOEX;0;20260330;101437;2792.58;157.577939
IMOEX;0;20260330;101438;2792.57;327.557769
IMOEX;0;20260330;101439;2792.49;117.018861
IMOEX;0;20260330;101440;2792.34;137.167752
IMOEX;0;20260330;101441;2792.36;234.091593
IMOEX;0;20260330;101442;2792.34;184.195334
IMOEX;0;20260330;101443;2792.36;83.992035
IMOEX;0;20260330;101444;2792.36;403.004985
IMOEX;0;20260330;101445;2792.41;186.695005
IMOEX;0;20260330;101446;2792.4;88.735138
IMOEX;0;20260330;101447;2792.36;396.511553
IMOEX;0;20260330;101448;2792.34;148.246632
IMOEX;0;20260330;101449;2792.42;922.490886
IMOEX;0;20260330;101450;2792.38;894.466011
IMOEX;0;20260330;101451;2792.38;332.606594
IMOEX;0;20260330;101452;2792.39;886.479324
IMOEX;0;20260330;101453;2792.43;625.826252
IMOEX;0;20260330;101454;2792.49;33.800658
IMOEX;0;20260330;101455;2792.49;62.946331
IMOEX;0;20260330;101456;2792.49;599.920859
IMOEX;0;20260330;101457;2792.5;121.703133
IMOEX;0;20260330;101458;2792.43;437.599868
IMOEX;0;20260330;101459;2792.42;432.31713
IMOEX;0;20260330;101500;2792.46;89.204501
IMOEX;0;20260330;101501;2792.43;478.605372
IMOEX;0;20260330;101502;2792.5;507.987108
IMOEX;0;20260330;101503;2792.53;986.717063
IMOEX;0;20260330;101504;2792.34;3464.578454
IMOEX;0;20260330;101505;2792.31;445.648227
IMOEX;0;20260330;101506;2792.31;682.790235
IMOEX;0;20260330;101507;2792.25;636.988808
IMOEX;0;20260330;101508;2792.23;665.945857
IMOEX;0;20260330;101509;2792.13;304.548857
IMOEX;0;20260330;101510;2792.13;59.140513
IMOEX;0;20260330;101511;2792.15;43.261286
IMOEX;0;20260330;101512;2792.13;162.761404
IMOEX;0;20260330;101513;2792.13;132.316905
IMOEX;0;20260330;101514;2792.15;854.781083
IMOEX;0;20260330;101515;2792.16;430.259011
IMOEX;0;20260330;101516;2792.2;694.974214
IMOEX;0;20260330;101517;2792.21;256.849592
IMOEX;0;20260330;101518;2792.19;214.277324
IMOEX;0;20260330;101519;2792.16;167.38833
IMOEX;0;20260330;101520;2792.21;203.940606
IMOEX;0;20260330;101521;2792.11;193.938992
IMOEX;0;20260330;101522;2792.14;88.801063
IMOEX;0;20260330;101523;2792.14;516.086944
IMOEX;0;20260330;101524;2792.12;260.151784
IMOEX;0;20260330;101525;2792.13;229.773685
IMOEX;0;20260330;101526;2792.21;276.849162
IMOEX;0;20260330;101527;2792.25;514.107619
IMOEX;0;20260330;101528;2792.25;262.177814
IMOEX;0;20260330;101529;2792.26;81.413622
IMOEX;0;20260330;101530;2792.27;605.750877
IMOEX;0;20260330;101531;2792.23;51.543032
IMOEX;0;20260330;101532;2792.24;135.480474
IMOEX;0;20260330;101533;2792.18;513.052167
IMOEX;0;20260330;101534;2792.1;87.947423
IMOEX;0;20260330;101535;2792.12;409.880306
IMOEX;0;20260330;101536;2792.1;1051.995631
IMOEX;0;20260330;101537;2792.15;197.290976
IMOEX;0;20260330;101538;2792.15;79.636481
IMOEX;0;20260330;101539;2792.12;83.829133
IMOEX;0;20260330;101540;2792.15;921.36454
IMOEX;0;20260330;101541;2792.17;1111.341358
IMOEX;0;20260330;101542;2792.16;8.122386
IMOEX;0;20260330;101543;2792.19;62.698455
IMOEX;0;20260330;101544;2792.16;114.968698
IMOEX;0;20260330;101545;2792.13;285.290441
IMOEX;0;20260330;101546;2791.98;1377.241957
IMOEX;0;20260330;101547;2791.96;355.804524
IMOEX;0;20260330;101548;2791.84;5552.774156
IMOEX;0;20260330;101549;2791.89;741.914617
IMOEX;0;20260330;101550;2791.88;486.604367
IMOEX;0;20260330;101551;2791.94;310.449365
IMOEX;0;20260330;101552;2791.93;174.128291
IMOEX;0;20260330;101553;2791.98;313.286986
IMOEX;0;20260330;101554;2792.03;224.592143
IMOEX;0;20260330;101555;2792.01;273.928102
IMOEX;0;20260330;101556;2792.04;167.909486
IMOEX;0;20260330;101557;2791.95;10.280986
IMOEX;0;20260330;101558;2791.82;760.883223
IMOEX;0;20260330;101559;2791.85;70.805738
IMOEX;0;20260330;101600;2791.91;122.982833
IMOEX;0;20260330;101601;2791.93;515.518656
IMOEX;0;20260330;101602;2792.06;1765.04588
IMOEX;0;20260330;101603;2792.05;566.104475
IMOEX;0;20260330;101604;2792.1;167.53304
IMOEX;0;20260330;101605;2792.1;560.395401
IMOEX;0;20260330;101606;2792.1;935.893055
IMOEX;0;20260330;101607;2792.07;772.82124
IMOEX;0;20260330;101608;2792.01;338.396711
IMOEX;0;20260330;101609;2791.85;840.776904
IMOEX;0;20260330;101610;2791.77;976.751308
IMOEX;0;20260330;101611;2791.72;175.286203
IMOEX;0;20260330;101612;2791.68;248.348665
IMOEX;0;20260330;101613;2791.85;37.294267
IMOEX;0;20260330;101614;2791.9;123.015867
IMOEX;0;20260330;101615;2791.8;2447.469016
IMOEX;0;20260330;101616;2791.85;706.729946
IMOEX;0;20260330;101617;2791.98;472.998374
IMOEX;0;20260330;101618;2792.01;78.901938
IMOEX;0;20260330;101619;2792;32.377507
IMOEX;0;20260330;101620;2791.92;3533.34372
IMOEX;0;20260330;101621;2791.98;650.629661
IMOEX;0;20260330;101622;2791.94;176.433949
IMOEX;0;20260330;101623;2792.02;29.716478
IMOEX;0;20260330;101624;2791.98;419.264465
IMOEX;0;20260330;101625;2792.02;789.780875
IMOEX;0;20260330;101626;2792.06;747.223914
IMOEX;0;20260330;101627;2792.15;7759.356052
IMOEX;0;20260330;101628;2792.18;30.499108
IMOEX;0;20260330;101629;2792.24;372.666032
IMOEX;0;20260330;101630;2792.19;329.57177
IMOEX;0;20260330;101631;2792.21;773.692165
IMOEX;0;20260330;101632;2792.31;368.12066
IMOEX;0;20260330;101633;2792.28;330.74441
IMOEX;0;20260330;101634;2792.27;356.797158
IMOEX;0;20260330;101635;2791.88;1097.56938
IMOEX;0;20260330;101636;2791.87;736.974859
IMOEX;0;20260330;101637;2791.89;801.338878
IMOEX;0;20260330;101638;2791.61;1230.606353
IMOEX;0;20260330;101639;2791.66;384.250589
IMOEX;0;20260330;101640;2791.7;116.174016
IMOEX;0;20260330;101641;2791.72;312.66925
IMOEX;0;20260330;101642;2791.9;242.555607
IMOEX;0;20260330;101643;2791.97;249.618012
IMOEX;0;20260330;101644;2791.64;1315.093279
IMOEX;0;20260330;101645;2791.66;69.216882
IMOEX;0;20260330;101646;2791.75;2763.449449
IMOEX;0;20260330;101647;2791.72;730.73589
IMOEX;0;20260330;101648;2791.65;230.078986
IMOEX;0;20260330;101649;2791.46;1015.573213
IMOEX;0;20260330;101650;2791.57;272.854344
IMOEX;0;20260330;101651;2791.45;675.105053
IMOEX;0;20260330;101652;2791.58;218.510306
IMOEX;0;20260330;101653;2791.47;176.855205
IMOEX;0;20260330;101654;2791.51;126.906943
IMOEX;0;20260330;101655;2791.64;791.454486
IMOEX;0;20260330;101656;2791.65;310.104419
IMOEX;0;20260330;101657;2791.65;280.213494
IMOEX;0;20260330;101658;2791.63;364.860673
IMOEX;0;20260330;101659;2791.18;2330.532248
IMOEX;0;20260330;101700;2791.2;424.359057
IMOEX;0;20260330;101701;2791.28;304.648763
IMOEX;0;20260330;101702;2791.34;33.764429
IMOEX;0;20260330;101703;2791.35;488.469737
IMOEX;0;20260330;101704;2791.41;368.186329
IMOEX;0;20260330;101705;2791.49;374.769388
IMOEX;0;20260330;101706;2791.39;1513.451363
IMOEX;0;20260330;101707;2791.38;61.143234
IMOEX;0;20260330;101708;2791.46;218.731417
IMOEX;0;20260330;101709;2791.45;136.832112
IMOEX;0;20260330;101710;2791.44;161.553893
IMOEX;0;20260330;101711;2791.48;22.700861
IMOEX;0;20260330;101712;2791.54;85.745502
IMOEX;0;20260330;101713;2791.59;14.448397
IMOEX;0;20260330;101714;2791.64;79.369475
IMOEX;0;20260330;101715;2791.58;792.206564
IMOEX;0;20260330;101716;2791.62;41.368095
IMOEX;0;20260330;101717;2791.76;1237.503224
IMOEX;0;20260330;101718;2791.64;823.835093
IMOEX;0;20260330;101719;2791.63;21.970318
IMOEX;0;20260330;101720;2791.67;1056.068948
IMOEX;0;20260330;101721;2791.72;213.38852
IMOEX;0;20260330;101722;2791.74;34.030031
IMOEX;0;20260330;101723;2791.72;62.000845
IMOEX;0;20260330;101724;2791.63;229.81663
IMOEX;0;20260330;101725;2791.66;128.556844
IMOEX;0;20260330;101726;2791.71;2656.38014
IMOEX;0;20260330;101727;2791.69;40.62772
IMOEX;0;20260330;101728;2791.7;72.120572
IMOEX;0;20260330;101729;2791.8;128.699047
IMOEX;0;20260330;101730;2791.79;16.133377
IMOEX;0;20260330;101731;2791.78;59.637221
IMOEX;0;20260330;101732;2791.79;91.379366
IMOEX;0;20260330;101733;2791.85;627.523327
IMOEX;0;20260330;101734;2791.84;143.332712
IMOEX;0;20260330;101735;2791.8;402.229386
IMOEX;0;20260330;101736;2791.83;164.53903
IMOEX;0;20260330;101737;2791.88;836.509807
IMOEX;0;20260330;101738;2791.9;349.44339
IMOEX;0;20260330;101739;2791.85;119.397532
IMOEX;0;20260330;101740;2791.85;474.193814
IMOEX;0;20260330;101741;2791.86;47.013461
IMOEX;0;20260330;101742;2791.91;21.140366
IMOEX;0;20260330;101743;2791.87;55.561684
IMOEX;0;20260330;101744;2791.87;295.08
IMOEX;0;20260330;101745;2791.95;1105.573524
IMOEX;0;20260330;101746;2791.86;2015.80595
IMOEX;0;20260330;101747;2791.89;3395.81932
IMOEX;0;20260330;101748;2791.89;60.830477
IMOEX;0;20260330;101749;2791.9;50.789068
IMOEX;0;20260330;101750;2791.89;1362.832347
IMOEX;0;20260330;101751;2791.93;696.721265
IMOEX;0;20260330;101752;2791.87;2125.383345
IMOEX;0;20260330;101753;2791.9;113.683513
IMOEX;0;20260330;101754;2791.95;182.841025
IMOEX;0;20260330;101755;2791.94;642.337228
IMOEX;0;20260330;101756;2791.86;662.002393
IMOEX;0;20260330;101757;2791.87;249.043114
IMOEX;0;20260330;101758;2791.9;1810.678749
IMOEX;0;20260330;101759;2791.9;204.127297
IMOEX;0;20260330;101800;2791.96;90.156019
IMOEX;0;20260330;101801;2791.95;7.800641
IMOEX;0;20260330;101802;2792.02;83.813511
IMOEX;0;20260330;101803;2792.01;100.974567
IMOEX;0;20260330;101804;2792.15;776.556059
IMOEX;0;20260330;101805;2791.66;2207.695421
IMOEX;0;20260330;101806;2791.65;868.309423
IMOEX;0;20260330;101807;2791.68;24.229138
IMOEX;0;20260330;101808;2791.16;3098.223678
IMOEX;0;20260330;101809;2791.08;1589.643077
IMOEX;0;20260330;101810;2791.14;74.598193
IMOEX;0;20260330;101811;2791.03;634.106047
IMOEX;0;20260330;101812;2791.2;373.609559
IMOEX;0;20260330;101813;2791.21;69.480978
IMOEX;0;20260330;101814;2791.18;60.134065
IMOEX;0;20260330;101815;2791.29;1369.081321
IMOEX;0;20260330;101816;2791.18;317.339978
IMOEX;0;20260330;101817;2791.28;1447.962942
IMOEX;0;20260330;101818;2791.2;7414.74742
IMOEX;0;20260330;101819;2791.19;1245.988629
IMOEX;0;20260330;101820;2790.9;283.582357
IMOEX;0;20260330;101821;2790.94;63.024644
IMOEX;0;20260330;101822;2790.96;105.141242
IMOEX;0;20260330;101823;2790.95;793.84009
IMOEX;0;20260330;101824;2790.99;49.472409
IMOEX;0;20260330;101825;2791.05;1181.581484
IMOEX;0;20260330;101826;2790.87;341.13986
IMOEX;0;20260330;101827;2790.89;676.894826
IMOEX;0;20260330;101828;2790.77;1164.817595
IMOEX;0;20260330;101829;2790.81;140.420881
IMOEX;0;20260330;101830;2790.86;72.267688
IMOEX;0;20260330;101831;2790.87;12.134926
IMOEX;0;20260330;101832;2790.97;3622.535893
IMOEX;0;20260330;101833;2790.98;14.786562
IMOEX;0;20260330;101834;2790.95;790.4176
IMOEX;0;20260330;101835;2790.95;738.305953
IMOEX;0;20260330;101836;2790.98;50.985675
IMOEX;0;20260330;101837;2790.97;150.054641
IMOEX;0;20260330;101838;2791.08;299.378019
IMOEX;0;20260330;101839;2791.11;74.788167
IMOEX;0;20260330;101840;2791.2;99.957724
IMOEX;0;20260330;101841;2791.21;70.337596
IMOEX;0;20260330;101842;2791.23;70.347481
IMOEX;0;20260330;101843;2791.51;2888.219996
IMOEX;0;20260330;101844;2791.5;212.66201
IMOEX;0;20260330;101845;2791.61;398.56212
IMOEX;0;20260330;101846;2791.59;74.54139
IMOEX;0;20260330;101847;2791.63;171.087143
IMOEX;0;20260330;101848;2791.7;220.583157
IMOEX;0;20260330;101849;2791.41;1743.522449
IMOEX;0;20260330;101850;2791.2;1021.338492
IMOEX;0;20260330;101851;2791.27;640.878167
IMOEX;0;20260330;101852;2791.2;728.761106
IMOEX;0;20260330;101853;2791.51;742.393902
IMOEX;0;20260330;101854;2791.49;141.132513
IMOEX;0;20260330;101855;2791.3;1277.488984
IMOEX;0;20260330;101856;2791.47;115.295884
IMOEX;0;20260330;101857;2791.55;428.107324
IMOEX;0;20260330;101858;2791.51;64.953018
IMOEX;0;20260330;101859;2791.53;1177.200675
IMOEX;0;20260330;101900;2791.53;82.736349
IMOEX;0;20260330;101901;2791.56;351.861325
IMOEX;0;20260330;101902;2791.16;1268.14801
IMOEX;0;20260330;101903;2791.16;225.225354
IMOEX;0;20260330;101904;2791.12;392.417023
IMOEX;0;20260330;101905;2791.2;50.272284
IMOEX;0;20260330;101906;2791.24;139.089795
IMOEX;0;20260330;101907;2791.17;539.006223
IMOEX;0;20260330;101908;2791.23;385.071456
IMOEX;0;20260330;101909;2791.24;93.007409
IMOEX;0;20260330;101910;2791.21;1152.344324
IMOEX;0;20260330;101911;2791.31;141.717688
IMOEX;0;20260330;101912;2791.29;750.971415
IMOEX;0;20260330;101913;2791.32;206.706504
IMOEX;0;20260330;101914;2791.22;98.358782
IMOEX;0;20260330;101915;2791.17;4499.873888
IMOEX;0;20260330;101916;2791.16;51.967641
IMOEX;0;20260330;101917;2791.05;1311.899823
IMOEX;0;20260330;101918;2791.02;117.99378
IMOEX;0;20260330;101919;2791;98.86134
IMOEX;0;20260330;101920;2791.01;392.460794
IMOEX;0;20260330;101921;2790.98;591.605816
IMOEX;0;20260330;101922;2790.92;1135.426311
IMOEX;0;20260330;101923;2791.05;700.520951
IMOEX;0;20260330;101924;2791.13;17.156134
IMOEX;0;20260330;101925;2790.91;304.849673
IMOEX;0;20260330;101926;2790.9;96.832205
IMOEX;0;20260330;101927;2791.03;81.269281
IMOEX;0;20260330;101928;2791.08;118.890537
IMOEX;0;20260330;101929;2791.05;34.698769
IMOEX;0;20260330;101930;2791.14;957.33822
IMOEX;0;20260330;101931;2791.09;126.853308
IMOEX;0;20260330;101932;2791.12;298.68834
IMOEX;0;20260330;101933;2791.1;80.451077
IMOEX;0;20260330;101934;2791.02;21.819263
IMOEX;0;20260330;101935;2791.11;1708.114334
IMOEX;0;20260330;101936;2791.21;105.882037
IMOEX;0;20260330;101937;2791.27;226.407334
IMOEX;0;20260330;101938;2791.28;93.130392
IMOEX;0;20260330;101939;2791.3;40.242898
IMOEX;0;20260330;101940;2791.3;169.083223
IMOEX;0;20260330;101941;2791.36;179.273902
IMOEX;0;20260330;101942;2791.34;154.522917
IMOEX;0;20260330;101943;2791.26;1507.072075
IMOEX;0;20260330;101944;2791.26;161.713348
IMOEX;0;20260330;101945;2791.28;533.610387
IMOEX;0;20260330;101946;2791.3;484.429836
IMOEX;0;20260330;101947;2791.34;49.184263
IMOEX;0;20260330;101948;2791.42;356.711638
IMOEX;0;20260330;101949;2791.33;248.972354
IMOEX;0;20260330;101950;2791.28;68.4084
IMOEX;0;20260330;101951;2791.02;1527.620368
IMOEX;0;20260330;101952;2791.15;215.543772
IMOEX;0;20260330;101953;2791.18;134.504761
IMOEX;0;20260330;101954;2791.21;8.276339
IMOEX;0;20260330;101955;2790.97;926.117801
IMOEX;0;20260330;101956;2791.06;467.061618
IMOEX;0;20260330;101957;2791.1;291.365411
IMOEX;0;20260330;101958;2791.1;285.602809
IMOEX;0;20260330;101959;2791.13;53.412417
IMOEX;0;20260330;102000;2791.18;16.455048
IMOEX;0;20260330;102001;2791.1;322.179069
IMOEX;0;20260330;102002;2790.89;2665.285267
IMOEX;0;20260330;102003;2790.99;436.472005
IMOEX;0;20260330;102004;2790.99;696.719802
IMOEX;0;20260330;102005;2791.06;306.63798
IMOEX;0;20260330;102006;2791.1;182.194117
IMOEX;0;20260330;102007;2791.12;467.273353
IMOEX;0;20260330;102008;2791.17;184.679543
IMOEX;0;20260330;102009;2791.03;446.033185
IMOEX;0;20260330;102010;2791.04;526.127895
IMOEX;0;20260330;102011;2791.05;75.114025
IMOEX;0;20260330;102012;2791.09;170.490382
IMOEX;0;20260330;102013;2791.1;70.398409
IMOEX;0;20260330;102014;2791.11;57.49433
IMOEX;0;20260330;102015;2791.17;549.507196
IMOEX;0;20260330;102016;2790.92;701.402763
IMOEX;0;20260330;102017;2791.01;193.260146
IMOEX;0;20260330;102018;2790.92;326.199246
IMOEX;0;20260330;102019;2791.03;36.046907
IMOEX;0;20260330;102020;2791.01;171.581972
IMOEX;0;20260330;102021;2790.98;486.805352
IMOEX;0;20260330;102022;2790.97;397.535982
IMOEX;0;20260330;102023;2790.94;142.100511
IMOEX;0;20260330;102024;2790.92;33.975535
IMOEX;0;20260330;102025;2790.98;86.33849
IMOEX;0;20260330;102026;2791.01;249.833214
IMOEX;0;20260330;102027;2790.96;241.911744
IMOEX;0;20260330;102028;2790.96;169.141084
IMOEX;0;20260330;102029;2790.94;230.299827
IMOEX;0;20260330;102030;2790.91;1264.932943
IMOEX;0;20260330;102031;2790.95;161.911535
IMOEX;0;20260330;102032;2791.12;197.024492
IMOEX;0;20260330;102033;2791.09;19.809823
IMOEX;0;20260330;102034;2791.09;121.695108
IMOEX;0;20260330;102035;2791.04;165.491
IMOEX;0;20260330;102036;2791.1;403.700691
IMOEX;0;20260330;102037;2791.03;69.096355
IMOEX;0;20260330;102038;2791.13;78.487924
IMOEX;0;20260330;102039;2791.16;42.248742
IMOEX;0;20260330;102040;2791.22;487.720423
IMOEX;0;20260330;102041;2791.22;140.852387
IMOEX;0;20260330;102042;2791.22;103.680828
IMOEX;0;20260330;102043;2791.27;461.750028
IMOEX;0;20260330;102044;2791.27;59.912871
IMOEX;0;20260330;102045;2791.24;72.811367
IMOEX;0;20260330;102046;2791.25;13.601075
IMOEX;0;20260330;102047;2791.23;221.854881
IMOEX;0;20260330;102048;2791.21;91.17372
IMOEX;0;20260330;102049;2791.24;253.030911
IMOEX;0;20260330;102050;2791.24;180.21417
IMOEX;0;20260330;102051;2791.24;392.459265
IMOEX;0;20260330;102052;2791.26;420.862979
IMOEX;0;20260330;102053;2791.25;28.28876
IMOEX;0;20260330;102054;2791.27;45.977996
IMOEX;0;20260330;102055;2791.24;1239.888723
IMOEX;0;20260330;102056;2791.23;111.453015
IMOEX;0;20260330;102057;2791.24;101.578152
IMOEX;0;20260330;102058;2791.25;119.122615
IMOEX;0;20260330;102059;2791.28;113.327577
IMOEX;0;20260330;102100;2791.2;116.883419
IMOEX;0;20260330;102101;2791.2;201.920679
IMOEX;0;20260330;102102;2791.27;310.904355
IMOEX;0;20260330;102103;2791.27;341.532707
IMOEX;0;20260330;102104;2791.28;1447.723983
IMOEX;0;20260330;102105;2791.29;257.552959
IMOEX;0;20260330;102106;2791.25;1534.429378
IMOEX;0;20260330;102107;2791.22;24.691712
IMOEX;0;20260330;102108;2791.24;348.969992
IMOEX;0;20260330;102109;2791.25;14.733184
IMOEX;0;20260330;102110;2791.23;430.95732
IMOEX;0;20260330;102111;2791.23;0.398032
IMOEX;0;20260330;102112;2791.24;41.239019
IMOEX;0;20260330;102113;2791.22;636.115032
IMOEX;0;20260330;102114;2791.23;45.014922
IMOEX;0;20260330;102115;2791.25;276.750918
IMOEX;0;20260330;102116;2791.21;201.522637
IMOEX;0;20260330;102117;2791.09;1346.463568
IMOEX;0;20260330;102118;2791.06;98.098214
IMOEX;0;20260330;102119;2791.05;20.148331
IMOEX;0;20260330;102120;2791.06;12.422162
IMOEX;0;20260330;102121;2791.04;1123.729148
IMOEX;0;20260330;102122;2791.01;68.463746
IMOEX;0;20260330;102123;2791.03;1265.842718
IMOEX;0;20260330;102124;2791.04;502.939406
IMOEX;0;20260330;102125;2791.08;206.510025
IMOEX;0;20260330;102126;2791.03;290.590929
IMOEX;0;20260330;102127;2791.11;328.078793
IMOEX;0;20260330;102128;2791.11;562.232588
IMOEX;0;20260330;102129;2791.11;219.789976
IMOEX;0;20260330;102130;2791.11;553.469767
IMOEX;0;20260330;102131;2791.13;470.483281
IMOEX;0;20260330;102132;2791.15;390.531143
IMOEX;0;20260330;102133;2791.1;181.870589
IMOEX;0;20260330;102134;2791.04;414.389618
IMOEX;0;20260330;102135;2791.06;442.930285
IMOEX;0;20260330;102136;2791.07;235.084394
IMOEX;0;20260330;102137;2791.08;528.145377
IMOEX;0;20260330;102138;2791.06;837.298016
IMOEX;0;20260330;102139;2791;314.025797
IMOEX;0;20260330;102140;2791.04;465.977915
IMOEX;0;20260330;102141;2790.99;261.426591
IMOEX;0;20260330;102142;2791.12;2036.114535
IMOEX;0;20260330;102143;2791.09;356.577896
IMOEX;0;20260330;102144;2791.12;409.01896
IMOEX;0;20260330;102145;2791.12;148.672218
IMOEX;0;20260330;102146;2791.08;149.28379
IMOEX;0;20260330;102147;2791.07;139.623155
IMOEX;0;20260330;102148;2791.07;282.460132
IMOEX;0;20260330;102149;2791.06;257.117726
IMOEX;0;20260330;102150;2791.11;546.942973
IMOEX;0;20260330;102151;2791.11;159.707787
IMOEX;0;20260330;102152;2791.13;264.176516
IMOEX;0;20260330;102153;2791.15;978.079286
IMOEX;0;20260330;102154;2791.14;576.302156
IMOEX;0;20260330;102155;2791.07;824.527153
IMOEX;0;20260330;102156;2791.08;59.255199
IMOEX;0;20260330;102157;2791.09;126.084433
IMOEX;0;20260330;102158;2791.09;197.064229
IMOEX;0;20260330;102159;2791.05;56.79368
IMOEX;0;20260330;102200;2791.08;238.318859
IMOEX;0;20260330;102201;2791.03;382.15605
IMOEX;0;20260330;102202;2790.98;1398.161936
IMOEX;0;20260330;102203;2790.91;2348.470571
IMOEX;0;20260330;102204;2790.91;151.959755
IMOEX;0;20260330;102205;2790.91;280.19284
IMOEX;0;20260330;102206;2790.92;84.24283
IMOEX;0;20260330;102207;2790.87;349.941058
IMOEX;0;20260330;102208;2790.87;123.698345
IMOEX;0;20260330;102209;2790.96;512.546579
IMOEX;0;20260330;102210;2791.01;136.984461
IMOEX;0;20260330;102211;2790.99;611.359052
IMOEX;0;20260330;102212;2790.98;234.458506
IMOEX;0;20260330;102213;2790.98;49.107124
IMOEX;0;20260330;102214;2790.96;575.938028
IMOEX;0;20260330;102215;2790.95;319.045128
IMOEX;0;20260330;102216;2790.93;16.608084
IMOEX;0;20260330;102217;2790.93;40.539533
IMOEX;0;20260330;102218;2790.93;140.313802
IMOEX;0;20260330;102219;2790.94;9.70999
IMOEX;0;20260330;102220;2790.94;275.3377
IMOEX;0;20260330;102221;2790.97;20.141743
IMOEX;0;20260330;102222;2790.96;536.649038
IMOEX;0;20260330;102223;2790.93;258.170574
IMOEX;0;20260330;102224;2790.93;231.833475
IMOEX;0;20260330;102225;2790.93;457.434619
IMOEX;0;20260330;102226;2790.97;148.104422
IMOEX;0;20260330;102227;2790.97;113.933507
IMOEX;0;20260330;102228;2790.94;172.263467
IMOEX;0;20260330;102229;2790.9;458.835501
IMOEX;0;20260330;102230;2790.9;55.199398
IMOEX;0;20260330;102231;2790.84;398.951928
IMOEX;0;20260330;102232;2790.82;620.066862
IMOEX;0;20260330;102233;2790.84;35.261427
IMOEX;0;20260330;102234;2790.87;368.328514
IMOEX;0;20260330;102235;2790.86;235.292705
IMOEX;0;20260330;102236;2790.85;906.206353
IMOEX;0;20260330;102237;2790.94;879.714003
IMOEX;0;20260330;102238;2790.95;476.755943
IMOEX;0;20260330;102239;2790.95;150.577402
IMOEX;0;20260330;102240;2790.94;492.850437
IMOEX;0;20260330;102241;2790.91;112.937716
IMOEX;0;20260330;102242;2790.9;224.652979
IMOEX;0;20260330;102243;2790.94;490.595283
IMOEX;0;20260330;102244;2790.9;184.799527
IMOEX;0;20260330;102245;2790.89;783.818065
IMOEX;0;20260330;102246;2790.88;247.667044
IMOEX;0;20260330;102247;2790.87;92.418135
IMOEX;0;20260330;102248;2790.85;311.087661
IMOEX;0;20260330;102249;2790.88;299.695437
IMOEX;0;20260330;102250;2790.88;49.278006
IMOEX;0;20260330;102251;2790.86;484.995306
IMOEX;0;20260330;102252;2790.9;426.445233
IMOEX;0;20260330;102253;2790.89;546.733838
IMOEX;0;20260330;102254;2790.88;584.909778
IMOEX;0;20260330;102255;2790.88;29.70031
IMOEX;0;20260330;102256;2790.92;27.570837
IMOEX;0;20260330;102257;2790.95;209.372794
IMOEX;0;20260330;102258;2790.97;66.227154
IMOEX;0;20260330;102259;2790.93;1556.49228
IMOEX;0;20260330;102300;2790.94;19.767892
IMOEX;0;20260330;102301;2790.93;200.355437
IMOEX;0;20260330;102302;2790.94;56.77872
IMOEX;0;20260330;102303;2790.94;46.870588
IMOEX;0;20260330;102304;2790.94;149.656388
IMOEX;0;20260330;102305;2790.95;210.528315
IMOEX;0;20260330;102306;2790.97;434.134369
IMOEX;0;20260330;102307;2790.93;617.260913
IMOEX;0;20260330;102308;2790.98;179.860837
IMOEX;0;20260330;102309;2790.98;261.65218
IMOEX;0;20260330;102310;2790.96;602.746367
IMOEX;0;20260330;102311;2790.97;1414.505709
IMOEX;0;20260330;102312;2790.93;369.901072
IMOEX;0;20260330;102313;2790.95;76.420215
IMOEX;0;20260330;102314;2790.95;53.822892
IMOEX;0;20260330;102315;2790.95;117.970225
IMOEX;0;20260330;102316;2790.95;39.423852
IMOEX;0;20260330;102317;2791;2172.20172
IMOEX;0;20260330;102318;2791.15;10360.873117
IMOEX;0;20260330;102319;2791.25;1309.085177
IMOEX;0;20260330;102320;2791.33;485.919615
IMOEX;0;20260330;102321;2791.33;312.316351
IMOEX;0;20260330;102322;2791.32;158.28891
IMOEX;0;20260330;102323;2791.33;361.504372
IMOEX;0;20260330;102324;2791.28;31.387392
IMOEX;0;20260330;102325;2791.32;2002.727025
IMOEX;0;20260330;102326;2791.33;1190.863495
IMOEX;0;20260330;102327;2791.44;1483.134869
IMOEX;0;20260330;102328;2791.45;257.242652
IMOEX;0;20260330;102329;2791.47;14.325427
IMOEX;0;20260330;102330;2791.47;649.2941
IMOEX;0;20260330;102331;2791.54;2024.116796
IMOEX;0;20260330;102332;2791.6;8250.844319
IMOEX;0;20260330;102333;2791.65;1693.143481
IMOEX;0;20260330;102334;2791.63;17.046672
IMOEX;0;20260330;102335;2791.65;135.798184
IMOEX;0;20260330;102336;2791.64;51.404909
IMOEX;0;20260330;102337;2791.65;187.13449
IMOEX;0;20260330;102338;2791.4;598.981156
IMOEX;0;20260330;102339;2791.44;256.742756
IMOEX;0;20260330;102340;2791.49;438.710151
IMOEX;0;20260330;102341;2791.53;128.471125
IMOEX;0;20260330;102342;2791.55;38.663825
IMOEX;0;20260330;102343;2791.52;71.787055
IMOEX;0;20260330;102344;2791.47;431.135567
IMOEX;0;20260330;102345;2791.49;82.847153
IMOEX;0;20260330;102346;2791.46;402.346442
IMOEX;0;20260330;102347;2791.51;163.91702
IMOEX;0;20260330;102348;2791.48;100.273332
IMOEX;0;20260330;102349;2791.48;139.744867
IMOEX;0;20260330;102350;2791.46;140.327642
IMOEX;0;20260330;102351;2791.42;82.593805
IMOEX;0;20260330;102352;2791.49;1211.681575
IMOEX;0;20260330;102353;2791.54;378.343137
IMOEX;0;20260330;102354;2791.56;506.152832
IMOEX;0;20260330;102355;2791.61;355.167806
IMOEX;0;20260330;102356;2791.57;178.50242
IMOEX;0;20260330;102357;2791.61;451.582062
IMOEX;0;20260330;102358;2791.64;721.760685
IMOEX;0;20260330;102359;2791.61;105.24142
IMOEX;0;20260330;102400;2791.65;92.328909
IMOEX;0;20260330;102401;2791.67;182.155484
IMOEX;0;20260330;102402;2791.66;1163.042777
IMOEX;0;20260330;102403;2791.58;202.099886
IMOEX;0;20260330;102404;2791.64;536.761903
IMOEX;0;20260330;102405;2791.61;331.075258
IMOEX;0;20260330;102406;2791.57;1527.600598
IMOEX;0;20260330;102407;2791.57;285.806195
IMOEX;0;20260330;102408;2791.57;289.932189
IMOEX;0;20260330;102409;2791.54;526.922416
IMOEX;0;20260330;102410;2791.52;364.142833
IMOEX;0;20260330;102411;2791.52;391.067232
IMOEX;0;20260330;102412;2791.56;2679.000272
IMOEX;0;20260330;102413;2791.54;57.006527
IMOEX;0;20260330;102414;2791.6;121.603382
IMOEX;0;20260330;102415;2791.69;1909.23849
IMOEX;0;20260330;102416;2791.71;588.554685
IMOEX;0;20260330;102417;2791.71;1950.62202
IMOEX;0;20260330;102418;2791.74;135.702107
IMOEX;0;20260330;102419;2791.78;3186.773313
IMOEX;0;20260330;102420;2791.79;1033.55804
IMOEX;0;20260330;102421;2791.8;195.343148
IMOEX;0;20260330;102422;2791.76;336.050019
IMOEX;0;20260330;102423;2791.73;542.294563
IMOEX;0;20260330;102424;2791.72;53.511814
IMOEX;0;20260330;102425;2791.74;464.645347
IMOEX;0;20260330;102426;2791.74;382.857644
IMOEX;0;20260330;102427;2791.74;179.081147
IMOEX;0;20260330;102428;2791.76;176.085695
IMOEX;0;20260330;102429;2791.75;59.262112
IMOEX;0;20260330;102430;2791.74;262.448151
IMOEX;0;20260330;102431;2791.74;22.137807
IMOEX;0;20260330;102432;2791.75;498.953345
IMOEX;0;20260330;102433;2791.79;633.080927
IMOEX;0;20260330;102434;2791.82;535.536675
IMOEX;0;20260330;102435;2791.76;331.361578
IMOEX;0;20260330;102436;2791.76;11.596269
IMOEX;0;20260330;102437;2791.72;548.030963
IMOEX;0;20260330;102438;2791.76;43.711136
IMOEX;0;20260330;102439;2791.78;97.113669
IMOEX;0;20260330;102440;2791.79;1627.812264
IMOEX;0;20260330;102441;2791.75;668.034387
IMOEX;0;20260330;102442;2791.76;51.727942
IMOEX;0;20260330;102443;2791.7;98.203245
IMOEX;0;20260330;102444;2791.72;270.820498
IMOEX;0;20260330;102445;2791.75;93.711471
IMOEX;0;20260330;102446;2791.77;519.173857
IMOEX;0;20260330;102447;2791.78;311.426402
IMOEX;0;20260330;102448;2791.79;71.336311
IMOEX;0;20260330;102449;2791.75;759.840602
IMOEX;0;20260330;102450;2791.76;608.325214
IMOEX;0;20260330;102451;2791.78;299.012458
IMOEX;0;20260330;102452;2791.84;352.879463
IMOEX;0;20260330;102453;2791.87;259.498114
IMOEX;0;20260330;102454;2791.89;154.464897
IMOEX;0;20260330;102455;2791.95;521.082398
IMOEX;0;20260330;102456;2791.98;553.989284
IMOEX;0;20260330;102457;2791.93;452.45547
IMOEX;0;20260330;102458;2791.94;9.789609
IMOEX;0;20260330;102459;2791.93;69.533978
IMOEX;0;20260330;102500;2791.94;35.940959
IMOEX;0;20260330;102501;2791.89;28.62183
IMOEX;0;20260330;102502;2791.94;157.359757
IMOEX;0;20260330;102503;2791.95;107.504074
IMOEX;0;20260330;102504;2791.95;236.951951
IMOEX;0;20260330;102505;2791.96;130.393702
IMOEX;0;20260330;102506;2791.59;1293.498329
IMOEX;0;20260330;102507;2791.7;1138.176738
IMOEX;0;20260330;102508;2791.62;108.883372
IMOEX;0;20260330;102509;2791.58;66.016378
IMOEX;0;20260330;102510;2791.6;371.398839
IMOEX;0;20260330;102511;2791.69;191.023
IMOEX;0;20260330;102512;2791.82;245.080987
IMOEX;0;20260330;102513;2791.89;102.506904
IMOEX;0;20260330;102514;2791.83;885.067142
IMOEX;0;20260330;102515;2791.79;192.753395
IMOEX;0;20260330;102516;2791.81;745.788216
IMOEX;0;20260330;102517;2791.85;110.816484
IMOEX;0;20260330;102518;2791.85;61.773018
IMOEX;0;20260330;102519;2791.92;166.341801
IMOEX;0;20260330;102520;2791.83;580.91646
IMOEX;0;20260330;102521;2791.82;122.631473
IMOEX;0;20260330;102522;2791.84;79.128818
IMOEX;0;20260330;102523;2791.79;213.333739
IMOEX;0;20260330;102524;2791.65;383.284796
IMOEX;0;20260330;102525;2791.72;1500.245727
IMOEX;0;20260330;102526;2791.72;367.727423
IMOEX;0;20260330;102527;2791.63;5822.14047
IMOEX;0;20260330;102528;2791.78;275.342613
IMOEX;0;20260330;102529;2791.77;24.238028
IMOEX;0;20260330;102530;2791.78;252.323607
IMOEX;0;20260330;102531;2791.76;120.734232
IMOEX;0;20260330;102532;2791.8;819.808367
IMOEX;0;20260330;102533;2791.75;368.340288
IMOEX;0;20260330;102534;2791.72;265.061324
IMOEX;0;20260330;102535;2791.67;369.797648
IMOEX;0;20260330;102536;2791.68;117.186067
IMOEX;0;20260330;102537;2791.71;233.556494
IMOEX;0;20260330;102538;2791.74;73.636155
IMOEX;0;20260330;102539;2791.76;869.643164
IMOEX;0;20260330;102540;2791.71;43.730545
IMOEX;0;20260330;102541;2791.68;184.500373
IMOEX;0;20260330;102542;2791.67;212.678433
IMOEX;0;20260330;102543;2791.66;135.059427
IMOEX;0;20260330;102544;2791.69;90.429095
IMOEX;0;20260330;102545;2791.72;111.140086
IMOEX;0;20260330;102546;2791.72;86.231427
IMOEX;0;20260330;102547;2791.76;541.473837
IMOEX;0;20260330;102548;2791.61;244.924255
IMOEX;0;20260330;102549;2791.65;233.891784
IMOEX;0;20260330;102550;2791.62;1804.711601
IMOEX;0;20260330;102551;2791.63;140.930926
IMOEX;0;20260330;102552;2791.66;729.900131
IMOEX;0;20260330;102553;2791.7;345.817244
IMOEX;0;20260330;102554;2791.66;78.346217
IMOEX;0;20260330;102555;2791.8;347.962963
IMOEX;0;20260330;102556;2791.69;90.429453
IMOEX;0;20260330;102557;2791.71;312.355868
IMOEX;0;20260330;102558;2791.71;288.560058
IMOEX;0;20260330;102559;2791.69;802.377413
IMOEX;0;20260330;102600;2791.69;92.595166
IMOEX;0;20260330;102601;2791.64;291.540457
IMOEX;0;20260330;102602;2791.64;430.543337
IMOEX;0;20260330;102603;2791.66;133.172736
IMOEX;0;20260330;102604;2791.62;726.49107
IMOEX;0;20260330;102605;2791.42;697.958745
IMOEX;0;20260330;102606;2791.27;743.928033
IMOEX;0;20260330;102607;2791.32;673.355617
IMOEX;0;20260330;102608;2791.29;1166.177287
IMOEX;0;20260330;102609;2791.35;147.072205
IMOEX;0;20260330;102610;2791.38;76.102501
IMOEX;0;20260330;102611;2791.39;94.725567
IMOEX;0;20260330;102612;2791.43;372.238602
IMOEX;0;20260330;102613;2791.45;165.87759
IMOEX;0;20260330;102614;2791.43;54.00422
IMOEX;0;20260330;102615;2791.52;946.659884
IMOEX;0;20260330;102616;2791.51;971.359587
IMOEX;0;20260330;102617;2791.56;98.583946
IMOEX;0;20260330;102618;2791.57;145.359063
IMOEX;0;20260330;102619;2791.57;303.444298
IMOEX;0;20260330;102620;2791.51;336.396072
IMOEX;0;20260330;102621;2791.6;44.765009
IMOEX;0;20260330;102622;2791.61;173.773199
IMOEX;0;20260330;102623;2791.59;127.957186
IMOEX;0;20260330;102624;2791.6;111.253761
IMOEX;0;20260330;102625;2791.66;258.365274
IMOEX;0;20260330;102626;2791.68;42.734482
IMOEX;0;20260330;102627;2791.68;774.363108
IMOEX;0;20260330;102628;2791.69;201.95867
IMOEX;0;20260330;102629;2791.66;73.095936
IMOEX;0;20260330;102630;2791.6;712.358862
IMOEX;0;20260330;102631;2791.61;35.879295
IMOEX;0;20260330;102632;2791.63;250.7861
IMOEX;0;20260330;102633;2791.74;1037.807604
IMOEX;0;20260330;102634;2791.73;21.305069
IMOEX;0;20260330;102635;2791.78;724.035562
IMOEX;0;20260330;102636;2791.81;605.077709
IMOEX;0;20260330;102637;2791.76;317.992592
IMOEX;0;20260330;102638;2791.81;397.481204
IMOEX;0;20260330;102639;2791.83;474.540713
IMOEX;0;20260330;102640;2791.83;262.40208
IMOEX;0;20260330;102641;2791.87;97.196861
IMOEX;0;20260330;102642;2791.51;485.975691
IMOEX;0;20260330;102643;2791.55;316.26265
IMOEX;0;20260330;102644;2791.59;361.972568
IMOEX;0;20260330;102645;2791.58;172.861605
IMOEX;0;20260330;102646;2791.54;1495.560873
IMOEX;0;20260330;102647;2791.53;608.389306
IMOEX;0;20260330;102648;2791.5;97.132008
IMOEX;0;20260330;102649;2791.43;256.196645
IMOEX;0;20260330;102650;2791.48;262.596544
IMOEX;0;20260330;102651;2791.68;452.922613
IMOEX;0;20260330;102652;2791.68;614.045664
IMOEX;0;20260330;102653;2791.69;176.591957
IMOEX;0;20260330;102654;2791.68;88.931396
IMOEX;0;20260330;102655;2791.79;1179.162115
IMOEX;0;20260330;102656;2791.8;23.482341
IMOEX;0;20260330;102657;2791.84;1378.320391
IMOEX;0;20260330;102658;2791.82;957.457859
IMOEX;0;20260330;102659;2791.79;930.635184
IMOEX;0;20260330;102700;2791.82;88.562658
IMOEX;0;20260330;102701;2791.82;586.120524
IMOEX;0;20260330;102702;2791.85;175.579634
IMOEX;0;20260330;102703;2791.83;33.183253
IMOEX;0;20260330;102704;2791.81;321.392931
IMOEX;0;20260330;102705;2791.87;148.533062
IMOEX;0;20260330;102706;2791.87;44.056134
IMOEX;0;20260330;102707;2791.86;103.251596
IMOEX;0;20260330;102708;2791.87;24.83246
IMOEX;0;20260330;102709;2791.77;11.763505
IMOEX;0;20260330;102710;2791.77;1228.110482
IMOEX;0;20260330;102711;2791.73;623.486512
IMOEX;0;20260330;102712;2791.71;1009.408929
IMOEX;0;20260330;102713;2791.71;35.594671
IMOEX;0;20260330;102714;2791.74;69.432684
IMOEX;0;20260330;102715;2791.92;1959.12956
IMOEX;0;20260330;102716;2791.86;376.677555
IMOEX;0;20260330;102717;2791.86;835.170102
IMOEX;0;20260330;102718;2791.85;1592.531834
IMOEX;0;20260330;102719;2791.82;5241.552106
IMOEX;0;20260330;102720;2791.79;363.209984
IMOEX;0;20260330;102721;2791.77;83.427002
IMOEX;0;20260330;102722;2791.75;2011.567655
IMOEX;0;20260330;102723;2791.78;78.919184
IMOEX;0;20260330;102724;2791.77;241.330052
IMOEX;0;20260330;102725;2791.8;17.73372
IMOEX;0;20260330;102726;2791.84;242.579088
IMOEX;0;20260330;102727;2792.05;6759.05804
IMOEX;0;20260330;102728;2792.04;37.380195
IMOEX;0;20260330;102729;2792.12;314.341432
IMOEX;0;20260330;102730;2792.09;419.671286
IMOEX;0;20260330;102731;2792.26;1641.803414
IMOEX;0;20260330;102732;2792.3;187.436164
IMOEX;0;20260330;102733;2792.27;750.555999
IMOEX;0;20260330;102734;2792.28;187.219047
IMOEX;0;20260330;102735;2792.3;19.651542
IMOEX;0;20260330;102736;2792.28;120.204636
IMOEX;0;20260330;102737;2792.3;217.893493
IMOEX;0;20260330;102738;2792.29;71.383703
IMOEX;0;20260330;102739;2792.29;671.111883
IMOEX;0;20260330;102740;2792.29;93.995609
IMOEX;0;20260330;102741;2792.3;1238.219031
IMOEX;0;20260330;102742;2792.3;40.565484
IMOEX;0;20260330;102743;2792.26;587.434193
IMOEX;0;20260330;102744;2792.31;148.516819
IMOEX;0;20260330;102745;2792.31;73.404815
IMOEX;0;20260330;102746;2792.33;71.599345
IMOEX;0;20260330;102747;2792.32;18.112895
IMOEX;0;20260330;102748;2792.33;48.857406
IMOEX;0;20260330;102749;2792.35;392.644905
IMOEX;0;20260330;102750;2792.33;556.574975
IMOEX;0;20260330;102751;2792.3;383.335601
IMOEX;0;20260330;102752;2792.28;59.57139
IMOEX;0;20260330;102753;2792.27;74.970544
IMOEX;0;20260330;102754;2792.3;201.868352
IMOEX;0;20260330;102755;2792.32;67.367279
IMOEX;0;20260330;102756;2792.32;86.030613
IMOEX;0;20260330;102757;2792.25;64.150416
IMOEX;0;20260330;102758;2792.3;461.859041
IMOEX;0;20260330;102759;2792.26;930.074205
IMOEX;0;20260330;102800;2792.28;202.372971
IMOEX;0;20260330;102801;2792.29;184.265245
IMOEX;0;20260330;102802;2792.28;44.448623
IMOEX;0;20260330;102803;2792.28;1423.688885
IMOEX;0;20260330;102804;2792.32;727.361477
IMOEX;0;20260330;102805;2792.31;850.497259
IMOEX;0;20260330;102806;2792.35;967.05105
IMOEX;0;20260330;102807;2792.26;45.639375
IMOEX;0;20260330;102808;2792.26;226.091768
IMOEX;0;20260330;102809;2792.32;465.805853
IMOEX;0;20260330;102810;2792.32;4.763423
IMOEX;0;20260330;102811;2792.4;4912.16946
IMOEX;0;20260330;102812;2792.48;497.15271
IMOEX;0;20260330;102813;2792.51;72.299114
IMOEX;0;20260330;102814;2792.49;77.598845
IMOEX;0;20260330;102815;2792.45;295.493563
IMOEX;0;20260330;102816;2792.42;340.705553
IMOEX;0;20260330;102817;2792.4;264.78728
IMOEX;0;20260330;102818;2792.4;92.45058
IMOEX;0;20260330;102819;2792.29;1284.640564
IMOEX;0;20260330;102820;2792.28;186.301517
